2926 5062
724 280 1002 345 —62-—'

257 479 294 489 —-
318 446 431 523 alque:
468 461 498 522 p.
520 436 647 512 Quiuct
677 440 710 501 11
738 439 935 521 propinquos
963 458 999 501 ac
1027 436 1222 502 necessarios
1251 459 1348 503 caros
1376 443 1408 504 11

261 540 414 606 honestos
436 562 505 605 esse
527 544 622 624 atquo
643 538 755 603 haberi
779 538 899 604 volunt.

218 646 225 651 ’
338 644 443 724 Atque
456 680 494 689 —
513 664 572 726 quc
586 680 620 690 -
634 647 679 706 et:
709 639 792 705 Phil.
817 643 848 725 3,
874 641 914 706 15
935 645 1021 706 recte
1043 645 1139 726 atque
1161 641 1273 707 ordine
1302 665 1407 728 exque

259 765 323 827 rep.
345 743 461 808 fecisse
484 748 517 807 et
536 744 652 809 facere.

339 844 386 910 Et
409 885 446 894 -
471 851 565 928 atquc
592 887 621 894 -
649 851 760 927 alque:
799 845 838 909 ad
872 845 947 910 fam.
978 847 1005 927 1,
1032 847 1054 910 5
1079 846 1112 909 Α
1142 850 1175 909 11
1206 845 1407 930 dignitatem

255 952 343 1012 tuam
365 948 400 1012 in
421 948 540 1012 virtute
568 952 664 1030 atque
686 949 720 1011 in
743 948 837 1011 rebus
864 949 964 1032 gestis
985 947 1050 1011 tuis
1078 951 1173 1032 atque
1194 950 1229 1012 in
1252 952 1312 1013 tua
1334 971 1408 1034 gra·

257 1051 354 1114 vitate
377 1051 525 1134 positam.

338 1150 385 1217 Et
408 1190 444 1199 -
469 1173 507 1218 uc
531 1190 566 1199 —
591 1172 666 1232 quc:
700 1175 733 1216 n.
761 1152 791 1216 d.
819 1155 843 1230 l,
868 1151 888 1214 2
910 1174 985 1215 nam
1014 1156 1048 1215 et
1074 1151 1183 1236 fruges
1211 1153 1407 1238 etreliqua,

255 1277 336 1338 quae
368 1259 454 1318 terra
486 1255 604 1337 pariat,
638 1259 671 1317 11
702 1257 911 1336 tempestates
945 1275 983 1318 ac
1015 1257 1193 1337 temporum
1229 1255 1408 1321 varietates

255 1356 397 1440 caelique
419 1356 624 1420 mutationes.

339 1458 385 1522 Et
406 1496 444 1505 —
469 1479 507 1523 uc
528 1495 569 1506 -
592 1469 636 1523 et:
671 1456 719 1520 lb.
742 1479 791 1540 cp.
818 1460 866 1539 11,
889 1458 931 1521 26
954 1459 1167 1543 Anaxagoras
1188 1459 1314 1542 primus
1337 1483 1407 1525 om·

255 1561 343 1624 nium
372 1581 477 1623 rerum
505 1560 751 1646 descriptionem
781 1563 813 1623 11
839 1559 968 1624 modum
990 1561 1108 1624 mentis
1137 1560 1284 1625 infinitae
1308 1563 1340 1625 vi
1367 1586 1407 1628 ac

255 1663 377 1727 ratione
399 1662 559 1747 designari
583 1666 617 1727 11
638 1661 751 1726 confici
774 1661 882 1726 voluit

338 1765 384 1829 Ju
404 1802 445 1813 -
467 1785 526 1846 que
547 1803 589 1814 -
612 1785 686 1847 quc:
719 1763 766 1826 lb.
789 1766 819 1843 ξ.
841 1766 882 1829 27
911 1765 966 1848 qui
988 1765 1047 1829 soli
1076 1769 1109 1830 et
1136 1765 1231 1829 lunae
1254 1766 1406 1851 reliquis-

256 1890 316 1952 que
338 1867 495 1931 sideribus
517 1868 689 1952 animoque
712 1869 877 1948 praeterea
898 1865 1099 1931 divinitatem
1120 1866 1217 1932 dedit.

342 1970 407 2048 Quo
430 2006 467 2014 —
492 1975 579 2034 et-
603 1992 658 2036 oc:
693 1967 758 2032 biv.
782 1968 833 2045 35,
856 1968 893 2031 41
925 1968 1110 2052 urbaneque
1138 1973 1171 2032 et
1199 1969 1286 2033 inter
1315 1971 1407 2035 cives

255 2092 293 2135 ae
309 2071 503 2155 'peregrinos
525 2071 712 2138 iurisdictio.

341 2173 407 2253 Qua
430 2210 466 2219 -
491 2178 580 2237 11-
602 2179 647 2240 ct:
669 2175 734 2241 Cio.
750 2197 781 2238 n,
805 2174 882 2258 (1.1,
904 2175 935 2253 ξ.
959 2172 999 2236 31
1022 2172 1222 2256 eundemque
1244 2177 1279 2237 11
1301 2175 1404 2239 solem

221 2350 229 2368 ,
255 2279 288 2339 11
308 2275 448 2338 animum
472 2275 565 2340 deum
588 2276 702 2345 dicere.

342 2376 408 2457 Quo
429 2399 551 2459 -que
576 2417 609 2426 -
635 2384 724 2445 el-
749 2383 792 2443 ct:
815 2377 860 2441 lb.
876 2379 906 2459 ξ.
922 2376 964 2441 26
980 2376 1198 2441 Anaximenes
1214 2382 1291 2441 adra
1307 2378 1403 2443 deum

254 2480 367 2544 statuit
403 2500 537 2562 eumque
574 2481 667 2565 gigni
704 2501 835 2564 esseque
871 2480 1061 2543 immensum
1099 2482 1131 2543 et
1163 2477 1328 2543 infinitum
1369 2483 1403 2544 11

254 2603 379 2666 semper
402 2582 434 2645 in
457 2585 558 2646 motu.

341 2682 406 2763 Quo
437 2721 472 2768 ε
502 2688 531 2748 11
554 2721 590 2731 -
614 2706 673 2766 quc
701 2722 738 2732 —
767 2688 811 2749 el:
847 2681 895 2751 lb,
924 2685 953 2763 ξ.
985 2682 1027 2746 34
1061 2680 1162 2745 stellis
1196 2681 1399 2747 divinitatem

255 2785 367 2849 tribuit
389 2806 545 2869 sensuque
568 2787 661 2850 deum
682 2786 789 2871 privat
810 2789 843 2849 et
864 2783 931 2848 eius
959 2783 1095 2847 formam
1118 2783 1308 2848 mutabilem
1331 2807 1399 2849 esse

255 2886 324 2952 vult
362 2886 535 2972 eodemque
571 2889 604 2951 in
643 2888 724 2952 libro
760 2909 869 2952 rursus
911 2889 1030 2950 terram
1067 2890 1100 2950 et
1136 2886 1260 2950 caelum
1300 2887 1398 2951 refert

255 2989 287 3052 in
311 2989 395 3053 deos.

341 3089 929 3172 Ε1-1111-11-111Τ1ω6,
1030 3171 1040 3179 ·

339 3195 442 3275 Atqrw
464 3198 555 3257 -ot
584 3199 673 3258 -ct
700 3231 740 3240 -
769 3197 878 3275 alque:
913 3190 951 3255 de
979 3212 1022 3258 or.
1055 3193 1080 3275 1,
1108 3192 1159 3272 40,
1190 3191 1252 3256 184
1280 3193 1396 3276 praesi-

254 3296 341 3359 dium
365 3295 537 3360 clientibus
567 3300 662 3380 atque
689 3317 781 3378 opem
804 3293 915 3358 amicis
943 3297 976 3356 11
997 3315 1098 3377 prope
1125 3294 1250 3358 cunctis
1274 3295 1395 3358 civibus

194 3460 196 3464 .
254 3396 355 3463 lucem
377 3397 499 3483 ingenii
523 3403 556 3461 11
578 3396 704 3462 consilii
726 3396 775 3460 sui
798 3395 1018 3481 porrigentem
1041 3399 1135 3478 atque
1157 3393 1356 3464 tendentem.

341 3499 406 3580 Quo
427 3538 469 3547 -
491 3521 529 3564 uo
551 3537 592 3547 -
614 3504 643 3564 11
666 3538 703 3546 -
727 3520 765 3563 oc
787 3536 827 3545 -
850 3503 892 3563 ct:
915 3496 1010 3561 Tusc.
1036 3498 1063 3580 1,
1087 3497 1310 3582 40totamque
1333 3498 1396 3562 rim

253 3602 334 3665 bene
358 3602 485 3665 vivendi
508 3603 541 3665 iu
565 3601 664 3665 animi
693 3600 804 3664 robore
827 3621 865 3663 ac
887 3599 1108 3683 magnitudine
1137 3601 1169 3662 11
1196 3599 1230 3662 in
1253 3600 1396 3686 omnium

253 3725 359 3767 rernm
387 3702 598 3767 humanarum
626 3702 863 3786 contemptione
896 3722 933 3765 ac
961 3699 1169 3784 despicientia
1197 3704 1231 3765 11
1252 3702 1286 3765 in
1310 3701 1395 3766 omni

254 3807 370 3869 virtute
392 3826 556 3888 ponamus
1385 3826 1388 3831 ·

338 3905 383 3970 El
405 3944 444 3954 —
467 3912 496 3972 ct
517 3909 786 3990 -11-11111
810 3945 846 3954 -
870 3911 981 3987 utque:
1013 3905 1095 3968 Tim.
1123 3904 1144 3968 6
1170 3903 1273 3967 levem
1307 3905 1396 3969 illum

253 4008 359 4073 effecit
381 4012 413 4072 11
435 4008 574 4093 undique
597 4009 796 4094 aequabilem
819 4012 851 4072 et
872 4030 891 4071 a
913 4006 1016 4071 medio
1044 4006 1084 4071 ad
1107 4026 1264 4070 summum
1286 4028 1396 4091 parem

254 4115 286 4174 11
313 4110 489 4193 perfectum
517 4116 612 4194 etque
634 4111 816 4174 absolutum
852 4132 889 4174 ex
918 4109 1070 4174 absolutis
1102 4110 1196 4191 atque
1229 4108 1390 4192 perlectis.

254 4212 292 4276 de
314 4234 359 4277 or.
386 4214 412 4292 1,
436 4212 487 4295 30,
514 4214 582 4277 184.

337 4313 428 4379 Noch
457 4315 587 4399 langere
621 4313 800 4396 copulative
829 4313 1069 4397 Satzcomplexe
1101 4311 1207 4376 finden
1237 4312 1308 4376 sich
1342 4313 1394 4376 be·

253 4416 383 4483 sonders
406 4416 456 4480 bei
480 4416 589 4481 Cicero
611 4415 675 4478 und
697 4415 810 4499 zeigeu
834 4416 963 4494 iiberall,
989 4416 1048 4479 wie
1070 4414 1121 4478 die
1139 4414 1394 4499 Abwecbselung
