2888 5070
515 327 662 391 -275
709 365 744 374 -

45 480 120 544 siet
168 479 272 544 Sonst
301 501 362 543 nur
393 479 477 543 noch
507 477 584 546 Cic.
611 483 666 545 fin.
698 479 735 560 3,
763 480 821 561 20,
856 480 898 543 68
932 500 1018 543 cons.
1052 483 1101 542 est
1132 478 1207 542 huic

46 585 186 645 naturae
220 585 258 644 ut
291 582 418 664 sepiens
452 580 529 644 velit
564 601 674 665 gerere
708 585 740 645 et
773 580 996 645 administrare
1029 601 1130 664 remp.
1167 618 1204 627 -

48 682 144 747 Eben
169 703 205 746 so

138 784 334 851 Conveniens
366 805 428 848 nur
461 783 511 848 bei
535 783 642 847 Laet.
671 785 747 866 epit.
777 785 835 862 68,
864 785 906 848 23
934 788 983 848 est
1011 784 1096 848 enim
1130 805 1205 857 eon·

53 887 238 951 venientius
261 891 298 949 111
320 885 406 950 Deus
429 886 537 949 omnia
560 885 680 965 lecerit.
732 883 889 970 Degegen
917 885 1001 950 noch
1027 884 1207 971 regelrecht

40 977 103 1051 'bei
127 986 212 1052 Plin.
241 1010 274 1051 n.
302 987 335 1051 h.
362 988 413 1065 34,
441 988 482 1052 35
514 986 575 1050 dici
605 986 849 1050 convenientius
876 988 947 1051 erit.
999 986 1074 1070 Vgl.
1103 993 1203 1052 unteu

53 1092 287 1155 inconveniens.

140 1192 315 1257 Credibile:
343 1191 425 1259 Ter.
448 1190 549 1254 Andr.
572 1191 604 1271 4,
630 1192 657 1274 1,
683 1192 695 1253 1
723 1189 869 1254 bocinest
891 1189 1042 1254 credibile
1065 1196 1121 1254 aut
1143 1212 1207 1254 me·

53 1294 226 1374 morabile,
249 1298 342 1357 tauta
371 1291 517 1357 vecordia
544 1293 657 1356 innata
686 1293 834 1375 cuiquam
857 1295 893 1354 ut
913 1292 983 1356 siet.
1028 1291 1098 1357 Nur
1120 1294 1206 1356 noch

54 1394 137 1461 Val.
164 1395 262 1459 Max.
285 1398 321 1477 4,
354 1398 369 1458 1
399 1398 462 1458 ext.
489 1396 504 1457 l
535 1394 651 1458 adiecit
676 1416 743 1457 non
772 1415 841 1457 esse
864 1393 1014 1458 credibile
1038 1399 1088 1475 ut,
1113 1416 1207 1478 quem

55 1501 225 1581 tantopere
247 1501 378 1579 amaret,
401 1498 442 1560 ab
465 1518 502 1560 eo
525 1496 664 1560 invicem
685 1516 752 1559 non
776 1495 973 1580 diligeretur.
1004 1495 1081 1580 vgl.
1105 1502 1205 1560 unten
1299 1486 1303 1490 “

54 1600 237 1664 incredibile
258 1598 324 1662 und
346 1599 524 1663 verisimile.

140 1698 289 1783 Dignum
311 1722 337 1764 s.
361 1703 381 1781 ξ
404 1699 477 1764 399.

140 1801 253 1867 Facile
286 1804 351 1866 und
380 1802 521 1885 difficile,
550 1800 641 1864 beide
668 1804 734 1864 eret
767 1799 811 1863 im
839 1798 1034 1883 Spitlatein:
1068 1801 1087 1866 J
1096 1804 1205 1866 ustin

62 1906 90 1987 l,
120 1909 156 1985 9,
181 1907 202 1967 6
229 1907 299 1968 erat
327 1904 412 1967 enim
441 1902 570 1966 difficile
600 1907 635 1966 ut
657 1904 803 1985 parceret
824 1903 900 1966 suis.
956 1902 1085 1986 Spart.
1115 1903 1205 1968 Pesc.

63 2009 74 2066 l
97 2028 207 2070 rarum
228 2013 325 2088 etque
347 2004 478 2069 difficile
500 2008 610 2086 estut,
635 2025 714 2087 quos
736 2006 890 2086 tyrannos
912 2004 1050 2069 aliorum
1074 2005 1206 2069 victoria

59 2105 183 2191 fecerit,
207 2108 289 2171 bene
311 2107 480 2171 mittantur
507 2107 542 2171 in
565 2106 697 2170 litteras.
742 2104 891 2190 Lampr.
915 2106 967 2170 Al.
997 2106 1067 2171 Ser.
1100 2109 1136 2170 ll
1161 2107 1206 2170 f-

60 2209 147 2273 cilius
169 2208 236 2273 fuit
257 2213 293 2272 ut
315 2248 355 2257 -
377 2210 564 2295 acciperem.
611 2206 716 2273 Lact.
738 2207 770 2290 4,
793 2207 844 2284 22,
868 2207 888 2271 3
911 2209 1001 2291 quasi
1024 2231 1090 2272 non
1113 2209 1207 2273 facile

57 2309 102 2374 illi
124 2315 212 2375 esset
233 2314 269 2374 ut
291 2347 333 2357 -
355 2330 388 2373 se
411 2311 605 2375 ostenderet.

138 2413 279 2478 Falsum
305 2433 367 2475 nur
389 2411 467 2477 Cic.
491 2411 555 2475 div.
585 2413 621 2495 2,
650 2412 707 2494 31,
735 2412 776 2475 66
807 2411 845 2474 de
867 2412 936 2495 ipso
959 2411 1076 2477 Roscio
1098 2417 1207 2496 potest

53 2518 136 2583 illud
156 2514 287 2601 quidem
309 2536 378 2578 esse
400 2514 516 2578 falsum
538 2519 575 2578 ut
596 2513 837 2597 circumligatus
859 2514 956 2577 fuerit
978 2517 1087 2599 angui.
1126 2514 1204 2599 Vgl.

12 2688 18 2704 ,
50 2624 156 2683 unten
179 2639 288 2705 ueremi
310 2618 375 2680 und
397 2617 574 2682 verisimile.

141 2721 260 2785 Fatale
281 2718 342 2783 sibi
366 2723 402 2782 ut
424 2719 596 2803 coniugum
619 2717 743 2803 flagitia
765 2717 875 2798 ferret,
891 2720 966 2783 dein
982 2720 1113 2802 puniret
1129 2718 1205 2783 Tac.

55 2823 281 2902 1111111264.

142 2923 325 2989 Gloriosum
347 2945 373 2986 s.
396 2926 497 2986 unten
519 2923 733 3005 magnificum.

142 3026 360 3108 Inccnpruens
392 3025 458 3088 uud
491 3026 710 3089 inconveniens
736 3023 940 3105 erseheinen,
970 3026 1030 3089 wie
1057 3025 1108 3089 die
1136 3031 1205 3089 ent·

59 3127 278 3212 sprechenden
311 3128 472 3211 posiliven
499 3125 654 3204 Formen,
687 3129 753 3190 erst
785 3127 830 3190 im
858 3125 1039 3210 Spitlatcin
1068 3128 1126 3192 mit
1156 3133 1205 3192 nt:

60 3230 162 3294 Lact.
178 3229 209 3307 2,
234 3230 318 3312 17,6
340 3251 409 3293 esse
431 3233 537 3293 eutem
559 3250 743 3313 perversum
757 3233 798 3293 et
820 3229 1036 3313 incongruens
1058 3233 1096 3292 ut
1110 3229 1204 3292 simu-

60 3333 181 3398 lacrum
210 3332 349 3396 bominis
376 3369 408 3379 -
435 3333 567 3396 colatur.
613 3334 648 3413 4,
672 3332 731 3414 30,
762 3331 782 3396 6
805 3332 949 3415 incongr.
971 3352 1040 3394 esse
1061 3333 1098 3393 111
1120 3328 1207 3393 Deus

61 3474 99 3484 -
120 3434 347 3500 includeretur.
386 3433 439 3497 ira
461 3432 521 3497 Dei
544 3436 578 3511 3,
606 3437 618 3496 l
645 3438 694 3497 est
715 3434 800 3497 enim
828 3432 1057 3497 inconveniens
1080 3431 1148 3495 Deo
1171 3436 1208 3495 ut

63 3577 97 3586 —-
122 3539 166 3602 sit
188 3536 360 3621 praeditus.
762 3622 766 3626 Ι

144 3640 334 3705 Incredibile
367 3637 523 3703 beiuic.
556 3638 619 3723 leg.
643 3636 731 3701 Men.
754 3639 811 3720 21,
845 3638 887 3701 62
920 3636 994 3720 quid
1027 3640 1094 3700 tam
1125 3638 1205 3701 incr.

62 3767 152 3828 quam
187 3747 224 3806 111
255 3743 369 3812 iterum
393 3762 489 3824 eques
517 3739 557 3804 R.
589 3739 825 3824 triumpharet?
869 3737 891 3803 J
898 3739 1009 3802 ustin
1045 3740 1092 3819 12,
1123 3740 1152 3822 9,
1186 3741 1206 3805 8

62 3847 138 3910 incr.
167 3844 254 3908 dictu
286 3849 334 3908 est
360 3847 396 3907 ut
423 3865 496 3907 eum
522 3864 589 3906 non
617 3842 787 3906 multitudo
816 3842 1018 3904 hostiurm-
1043 3843 1205 3906 terruerit.

63 3948 155 4013 Sonst
178 3946 343 4031 nirgends.
374 3946 449 4031 Vgl.
472 3945 556 4009 oben
579 3946 731 4011 credibile.
750 3985 787 3994 -
803 3942 965 4007 Hiernach
990 3943 1088 4007 bildet
1103 3943 1206 4008 Mar-

61 4051 132 4114 tinl
162 4050 218 4130 10,
241 4050 277 4129 3,
300 4048 320 4111 6
352 4048 454 4112 credis
480 4046 556 4130 hoe,
585 4068 663 4111 voce
691 4055 726 4111 ut
753 4046 903 4130 loquatur
924 4046 1080 4129 psittacus
1103 4050 1204 4110 cotur-

61 4152 161 4216 nicis?
208 4150 308 4236 (Oder
330 4172 363 4214 es
386 4149 457 4214 sind
481 4151 558 4213 zwei
581 4151 798 4234 Frages'itze.)

143 4255 351 4319 Inhonestum
372 4256 420 4316 est
442 4256 478 4316 ut
499 4253 634 4337 impleat
655 4255 819 4337 August.
844 4251 902 4319 civ.
916 4236 987 4314 'Dei
1009 4251 1041 4333 6,
1065 4251 1093 4320 9,

143 4357 302 4438 Iniquum
315 4377 376 4418 nur
392 4355 442 4419 bei
457 4354 562 4420 Lect.
579 4358 609 4436 6,
625 4356 676 4438 23,
692 4355 733 4418 29
748 4355 891 4438 iniquum
915 4357 963 4417 eet
984 4358 1019 4416 ut
1035 4354 1066 4417 id
1083 4356 1205 4437 exigas.

60 4461 132 4548 Vgl.
157 4461 244 4526 oben
266 4479 407 4540 aunum.
453 4457 545 4521 Eben
567 4480 602 4521 so
624 4480 685 4521 nur
707 4458 757 4519 ein
782 4455 849 4519 Mal
873 4456 1100 4521 vorkommend

951 4558 1003 4614 18⁸
