3024 5070
718 331 749 339 -
796 295 944 357 ure*-

255 441 392 524 Stellen,
420 463 469 505 wo
498 463 572 506 man
602 446 686 525 quod
716 444 792 508 oder
820 447 897 527 quic
919 449 1078 511 erwartet:
1121 447 1220 511 Bell.
1247 448 1335 512 Afr.
1358 448 1409 511 42

255 565 319 606 non
356 546 405 607 est
443 543 513 607 visa
546 546 628 609 ratio
661 546 792 629 propius
826 547 994 611 accedendi
1024 569 1060 612 00
1087 548 1136 612 die
1163 548 1202 612 ad
1226 548 1407 632 oppidum,

256 645 407 729 quoniam
430 645 474 709 ibi
497 646 688 728 praesidium
712 648 832 730 grande
860 648 1065 713 Numidarum
1094 671 1159 713 esse
1186 654 1407 734 cognoverat.

257 744 354 813 Bell.
383 744 495 831 Hisp.
525 748 567 812 25
589 749 741 830 quoniam
770 748 919 813 ferocitas
942 750 1073 814 Antistii
1101 751 1240 814 omnium
1269 757 1409 816 mentes

258 850 458 912 converterat
489 849 528 912 ab
561 870 655 933 opere
683 850 723 913 ad
746 850 970 934 spectandum,
997 852 1079 915 acies
1106 856 1180 915 sunt
1206 851 1407 936 dispositae.

258 946 347 1012 Tae.
371 969 444 1014 ann.
471 952 497 1031 1,
524 951 625 1014 10110
646 950 809 1015 Tiberium
832 952 957 1035 quidem
987 954 1115 1017 caritate
1137 958 1192 1017 aut
1214 954 1297 1037 reip.
1323 976 1409 1020 eura

256 1071 472 1114 successorem
505 1051 675 1135 adscitum,
713 1052 768 1116 aed
800 1074 831 1137 q.
865 1054 1084 1138 adrogantiam
1116 1092 1153 1101 ·—
1186 1054 1254 1118 eius
1294 1056 1409 1121 intro-

257 1151 404 1234 spexerit.
452 1152 505 1232 14,
536 1152 577 1216 28
615 1143 746 1218 comitia
772 1192 813 1201 -
839 1177 870 1238 q.
899 1157 1017 1218 acriore
1047 1155 1165 1219 ambitu
1198 1161 1408 1238 exarserant,

257 1253 406 1337 princeps
429 1255 615 1337 composuit.
661 1253 765 1319 Suet.
791 1255 855 1319 Jul.
887 1257 927 1321 14
948 1257 1066 1340 piratas
1088 1294 1128 1305 —
1149 1278 1178 1341 q.
1200 1257 1409 1324 suffixurum

257 1375 290 1418 se
314 1355 400 1419 cruci
422 1355 592 1439 iuraverat,
615 1356 755 1440 iugulari
777 1358 864 1440 prius
885 1358 988 1438 iussit,
1011 1358 1122 1422 deinde
1144 1357 1265 1443 suffigi.
1301 1358 1408 1430 Ibid.:

260 1457 559 1541 interrogatusque,
582 1479 638 1522 cur
659 1458 759 1542 igitur
780 1459 975 1543 repudiasset
996 1480 1138 1541 uxorem,
1160 1460 1327 1543 quoniam,
1355 1462 1410 1526 in·
1461 1454 1466 1462 ’

257 1557 341 1641 quit,
372 1580 461 1622 meos
484 1562 549 1622 tam
574 1560 754 1644 suspicione
776 1583 871 1645 quam
894 1560 1026 1625 crimine
1047 1561 1148 1624 iudico
1171 1581 1283 1626 carere
1308 1584 1410 1646 opor-

257 1666 334 1724 tere.
380 1659 424 1723 110
446 1659 548 1724 findet
569 1660 637 1725 sich
660 1682 754 1745 sogar
771 1667 945 1745 propterca,
969 1682 1002 1726 eo
1024 1660 1099 1724 oder
1119 1662 1186 1726 ideo
1209 1661 1254 1725 im
1272 1663 1410 1748 Haupt-

257 1765 356 1847 satae3
381 1778 416 1825 οο
442 1762 489 1826 bei
513 1761 612 1831 Plin.
635 1784 666 1826 n.
690 1763 720 1826 h.
747 1764 798 1842 20,
823 1764 863 1827 35
886 1762 955 1826 ideo
977 1762 1137 1826 stomacho
1159 1762 1275 1827 inutile
1299 1765 1410 1830 videri

258 1864 348 1947 dixit,
371 1863 532 1947 quoniam.
577 1863 676 1929 Gell.
700 1865 729 1942 3,
752 1864 783 1946 6,
805 1864 825 1928 3
848 1867 1026 1947 propterea,
1049 1864 1206 1946 quoniam.
1246 1862 1284 1945 ’1,
1307 1867 1362 1949 13,
1388 1870 1409 1932 3

256 1964 316 2029 hoc
352 1986 386 2030 eo
423 1965 550 2047 notavi,
588 1966 741 2048 quoniam
764 2003 806 2013 -
834 1965 942 2048 quaeri
974 1965 1068 2046 00101,
1104 1964 1178 2047 quid
1211 1965 1257 2028 ait
1291 1967 1408 2032 classi-

256 2088 320 2131 cus.
368 2065 470 2130 Just.
502 2067 555 2146 19,
579 2068 615 2148 3,
642 2067 681 2130 10
703 2087 766 2132 non
787 2067 855 2132 ideo
883 2088 917 2130 se
939 2066 973 2130 in
1001 2088 1070 2130 eam
1097 2065 1179 2128 diem
1203 2066 1344 2145 vixisse,
1375 2092 1407 2154 q.

257 2167 353 2231 vellet
383 2166 508 2249 vivere,
538 2167 592 2230 sed
622 2172 677 2236 011.
723 2167 870 2232 Disselbe
893 2166 1079 2252 Wendung:
1123 2166 1178 2243 24,
1207 2167 1244 2246 2,
1269 2172 1303 2234 4.
1351 2171 1408 2252 38,

256 2269 287 2353 5,
312 2269 341 2332 9.
386 2270 476 2336 Aur.
510 2266 611 2332 Vict.
642 2290 725 2335 raes.
769 2269 804 2352 8,
832 2269 853 2331 2
879 2290 909 2352 q.
938 2269 1034 2353 legati
1062 2304 1103 2315 -
1135 2273 1310 2347 venerant,
1345 2272 1408 2335 im·

258 2370 382 2453 perium
417 2368 513 2453 capit.
572 2371 670 2456 Aug.
694 2370 752 2436 civ.
789 2369 850 2434 Dei
871 2370 905 2452 3,
936 2371 972 2432 11
1000 2369 1078 2434 ideo
1098 2404 1139 2419 -
1166 2371 1338 2452 quoniam.
1375 2374 1407 2456 5,

256 2472 308 2536 22.
354 2472 458 2549 8,15.
505 2472 555 2553 11,
582 2471 628 2536 10.

341 2573 454 2654 5533.
502 2572 650 2655 Quaado,
684 2574 732 2638 oft
762 2569 1211 2653 0110002000100010100,
1246 2575 1340 2639 ward
1373 2577 1408 2640 in

258 2674 342 2738 allen
375 2672 566 2753 Zeitaltern,
605 2675 665 2739 wie
698 2673 863 2759 quoniam,
899 2671 1001 2736 causat
1033 2670 1217 2756 gebraucht.
1269 2673 1407 2741 Plaut.

257 2775 344 2838 Tria.
368 2774 428 2838 991
453 2776 559 2858 immo,
583 2777 687 2841 salvos
708 2773 959 2859 quandoquidem
975 2773 1113 2854 advenis,
1137 2772 1167 2835 di
1184 2794 1235 2836 me
1252 2777 1407 2857 perdant,

257 2876 284 2939 si
307 2879 363 2938 011.
410 2876 524 2944 Bacch.
553 2878 621 2946 445Ι
644 2899 685 2942 ne
713 2876 831 2960 attigas
859 2896 991 2958 puerum
1018 2874 1095 2937 istac
1123 2894 1236 2953 causa,
1268 2879 1406 2959 quando

257 2977 335 3041 fecit
357 2981 495 3041 strenue.
541 2978 627 3043 Pers.
650 2979 713 3043 223
736 2978 788 3042 abi
811 2977 885 3059 iam,
907 2976 1033 3059 quando
1054 2976 1099 3038 ita
1121 2977 1207 3037 certa
1222 2980 1301 3041 rest.
1338 2980 1402 3044 641

257 3100 288 3162 q.
313 3078 363 3142 bic
386 3079 501 3163 servio,
524 3078 603 3144 haec
626 3079 761 3164 patriast
782 3099 861 3142 mea.
899 3077 983 3141 Men.
1006 3076 1077 3143 202.
1113 3074 1197 3139 Ter.
1217 3078 1322 3141 Andr.
1340 3081 1406 3146 481

258 3181 333 3244 deos
361 3201 478 3264 quaeso
511 3185 548 3244 ut
575 3182 617 3245 sit
645 3185 820 3265 superstes,
856 3177 1107 3264 quandoquidem
1134 3177 1236 3259 ipsest
1264 3179 1406 3265 ingenio

258 3282 352 3346 bono.
390 3282 463 3347 608.
507 3282 591 3348 Eun.
619 3283 678 3346 196
700 3304 790 3346 meus
811 3281 865 3346 fac
886 3281 929 3344 sis
951 3316 993 3328 -
1015 3278 1153 3359 animus,
1183 3279 1317 3361 quando
1341 3304 1406 3367 ego

257 3404 327 3446 aum
350 3387 433 3447 tuus.
475 3384 551 3448 374.
597 3384 656 3449 Ad.
680 3383 742 3448 802
765 3406 793 3467 q.
823 3404 883 3467 ego
911 3386 997 3446 tuom
1027 3401 1091 3443 non
1120 3399 1210 3455 curo,
1248 3402 1292 3445 ns
1326 3404 1407 3450 cura

256 3505 373 3548 meum.
419 3485 489 3549 818.
523 3486 595 3550 639.
641 3485 767 3549 Phorm.
790 3485 862 3549 405.
906 3481 983 3547 Hec.
1006 3481 1077 3544 492.

344 3585 425 3649 Daas
458 3585 515 3650 das
549 3586 674 3651 causale
706 3587 833 3669 quando
866 3583 962 3665 (ohne
994 3580 1130 3666 quidem)
1162 3580 1214 3644 bei
1256 3581 1406 3674 Cicero

256 3686 359 3766 fehle,
387 3685 922 3771 10110111ιο1101000101000100,
959 3705 992 3747 00
1019 3681 1102 3746 steht
1129 3681 1247 3764 jedoch
1276 3684 1317 3748 de
1348 3687 1404 3750 fin.

258 3788 289 3865 5,
314 3787 345 3866 8,
368 3787 403 3850 21
433 3790 630 3874 voluptatem
653 3789 877 3853 semovendam
901 3807 978 3864 ease,
1003 3781 1127 3868 quando
1149 3782 1190 3845 ad
1212 3784 1345 3850 maiora
1363 3826 1403 3837 -

259 3888 328 3951 nati
351 3910 468 3954 sumus.
514 3893 596 3973 §67
620 3890 746 3976 quando
768 3890 866 3975 igitur
887 3887 971 3951 inest
992 3886 1024 3949 in
1053 3883 1137 3947 omni
1166 3883 1289 3949 virtute
1327 3910 1406 3953 cura

258 3990 414 4072 quaedam
438 3994 493 4056 011.
532 3992 625 4058 Το00.
648 3995 678 4072 4,
705 3989 953 4075 1500011010-
977 3988 1074 4050 virtus
1090 3986 1138 4048 est
1151 3983 1282 4050 affectio
1298 3991 1404 4054 animi

258 4095 411 4155 constans
433 4096 487 4157 011.
532 4116 562 4156 n.
587 4095 616 4160 d.
640 4096 669 4172 3,
699 4096 733 4157 17
757 4116 785 4177 q.
809 4092 894 4156 enim
917 4111 966 4153 me
988 4089 1022 4152 in
1043 4084 1249 4149 hunclocum
1265 4087 1406 4155 deduxit

259 4193 375 4272 oratio,
398 4194 518 4259 docebo
541 4199 597 4260 011.
636 4196 729 4279 (Also
744 4216 826 4279 gana
841 4193 901 4256 wie
915 4189 1073 4276 quoniam,
1096 4186 1138 4250 im
1154 4183 1404 4278 Uebergange.)

258 4290 349 4360 Brut.
373 4298 392 4376 ξ
414 4296 474 4359 201
507 4320 537 4382 q.
565 4297 665 4382 igitur
692 4320 710 4361 a
738 4295 832 4363 Cotta
861 4333 897 4342 -ι
928 4291 1004 4356 haec
1030 4287 1131 4352 omnis
1158 4285 1254 4352 fluxit
1282 4294 1403 4375 oratio,

262 4429 296 4439 -
324 4400 466 4459 revertar
488 4399 527 4461 ad
550 4420 603 4463 eoa
625 4400 721 4483 ipsos.
767 4396 843 4462 Und
870 4397 904 4459 in
932 4394 987 4456 der
1008 4389 1161 4455 nfachstan
1182 4385 1286 4452 Zeile:
1322 4414 1403 4476 quo·
