3024 5070
600 328 832 392 -683-

148 480 322 545 indirecter
355 479 467 544 Modus
502 501 541 543 au
577 479 739 543 erkennen
775 481 834 543 ist:
870 479 927 564 22,
955 480 1051 558 33,1
1088 480 1171 544 servi
1197 517 1230 528 -
1255 480 1291 544 in

151 604 276 647 crucem
305 582 384 665 acti,
413 581 495 665 quod
526 581 755 646 coniurassent.
786 603 835 664 cp.
857 582 909 660 45,
932 584 953 644 4
981 585 1018 645 ut
1045 603 1082 645 ea
1105 581 1199 645 modo
1228 603 1292 644 una

151 706 301 748 causa-
316 683 455 747 tenuerit
469 682 645 763 Romanos,
669 682 753 767 quod
776 704 900 767 summa
920 683 1048 766 imperii
1070 704 1107 746 eo
1125 683 1176 747 die
1190 704 1290 766 penes

149 785 285 851 Paulum
314 785 420 849 fuerit.
451 784 509 867 37,
532 785 573 849 53
601 806 667 847 non
693 783 857 869 gloriabor
885 806 922 848 so
952 784 1036 867 quod
1065 783 1147 847 nihil
1176 784 1211 847 in
1233 805 1290 847 vos

150 887 348 971 deliquerim.
382 885 421 967 5,
448 888 460 949 1
496 885 603 970 gravis
631 886 694 949 iam
724 907 779 950 rex
808 888 905 950 antea
935 885 1026 969 genti
1060 885 1180 966 fuerat,
1213 888 1291 967 qaia

151 989 318 1053 sollemnia
348 987 493 1051 ludorum
515 1024 557 1034 —
578 986 737 1051 violenter
763 986 953 1051 diremisset.
986 986 1036 1063 21,
1060 986 1089 1059 9,
1116 987 1130 1048 1
1156 1008 1227 1050 cum
1249 1025 1287 1035 -

151 1089 355 1175 Saguntinis,
384 1089 460 1173 quia
488 1093 616 1171 praeter
644 1110 734 1172 spem
756 1089 958 1168 resisterent,
981 1088 1157 1152 crevissent
1179 1088 1287 1167 animi,

152 1191 291 1274 Poenus,
325 1190 401 1274 quia
431 1211 498 1257 11011
532 1189 676 1273 vicisset,
708 1212 767 1274 pro
801 1190 887 1254 victo
920 1191 1019 1268 esset,
1049 1189 1220 1253 clamorem
1251 1226 1288 1237 -

149 1292 282 1357 tollunt.

234 1394 316 1458 Eine
338 1393 453 1457 freiere
469 1393 684 1479 Anwendung
699 1393 799 1458 findet
821 1393 877 1456 der
898 1392 1094 1477 Gonjunctiv
1116 1392 1168 1457 bei
1185 1392 1289 1458 Caes.

150 1497 179 1564 b.
203 1518 229 1560 c.
255 1497 286 1578 3,
314 1496 373 1559 106
401 1516 590 1559 concursum
619 1495 659 1559 ad
686 1517 720 1559 ss
748 1496 816 1559 fieri
844 1495 946 1577 videt,
976 1495 1062 1580 quod
1084 1495 1186 1560 fasces
1204 1499 1291 1586 ⁴ante

149 1597 309 1662 ferrentur
330 1597 393 1680 (als
417 1597 528 1661 Grund
550 1596 651 1679 darer,
674 1598 725 1660 die
747 1596 808 1660 den
832 1596 973 1662 Auflauf
994 1596 1171 1682 machten).
1201 1596 1232 1678 3,
1249 1596 1292 1660 25

149 1699 232 1783 quod
255 1720 289 1762 se
313 1699 445 1782 longius
468 1719 487 1761 a
509 1696 653 1781 portibus
676 1698 874 1762 committere
895 1719 959 1762 non
985 1698 1149 1766 auderent.

234 1798 371 1864 Endlicb
406 1797 486 1882 geht
507 1798 558 1861 die
581 1796 721 1882 Spraohe
749 1819 784 1862 so
814 1801 903 1882 weit,
932 1799 1006 1863 dass
1034 1800 1081 1863 sie
1103 1799 1137 1863 in
1166 1798 1291 1883 11111031-

152 1902 244 1966 scher
267 1900 375 1965 Weise
399 1899 449 1962 dis
479 1899 582 1965 Verba
604 1901 727 1965 dicendi
748 1906 777 1965 et
797 1903 966 1984 sortiendi,
995 1900 1115 1964 welche
1137 1899 1193 1966 das
1216 1899 1291 1963 Pra-

149 2002 239 2066 diket
267 2002 322 2066 des
350 2000 571 2067 Oausalsatzes
598 2000 723 2083 bilden,
759 2002 793 2071 in
822 2003 883 2066 den
912 2001 993 2067 (lon
997 2000 1162 2085 junctis
1194 2006 1290 2085 aetat,

151 2125 185 2167 so
219 2107 325 2168 zuerst
353 2101 428 2168 cie.
458 2100 553 2167 Verr.
576 2103 596 2166 3
623 2107 643 2183 ξ,
669 2105 729 2168 134
758 2107 1005 2188 quaestores-
1029 2124 1103 2167 suos
1129 2103 1222 2167 multi
1253 2103 1291 2167 de

150 2204 317 2288 provincia
344 2203 493 2268 decedere
521 2205 700 2286 iusserunt,
729 2205 813 2289 quod
840 2205 969 2269 illorum
998 2205 1093 2288 culpa
1122 2227 1156 2269 se
1183 2205 1292 2269 minus

152 2305 318 2371 commode
340 2305 450 2370 audire
472 2307 704 2371 arbitrarentur
731 2311 788 2372 aut
809 2306 893 2390 quod
917 2304 1048 2389 peccare
1074 2307 1161 2391 ipsos
1184 2306 1292 2390 aliqua

150 2408 185 2472 in
217 2429 251 2472 re
284 2407 465 2472 iudicarent
497 2410 590 2491 (statt
621 2407 768 2471 audirent
793 2447 828 2479 -,
853 2412 1046 2493 peccarent).
1092 2406 1141 2489 ΙΙ,
1168 2411 1181 2471 1
1207 2411 1228 2488 ἕ
1251 2407 1291 2472 98

151 2509 236 2593 quod
259 2509 384 2573 tabulas
410 2546 445 2555 —
471 2510 658 2593 obsignatas
687 2510 815 2575 diceret.
852 2509 979 2591 2536
1002 2510 1149 2593 quod-
1173 2508 1290 2575 dicant.

150 2614 170 2692 ξ
196 2611 255 2674 113
278 2631 351 2674 cum
372 2615 540 2676 accusatus
562 2614 660 2692 esset,
690 2610 776 2694 quod
799 2615 912 2677 contra
937 2632 1036 2695 remp.
1059 2611 1196 2675 sensisse
1218 2632 1292 2675 eum
1414 2618 1418 2639 ⁹

150 2713 303 2777 dicerent.
328 2713 384 2776 fin.
409 2714 438 2796 1,
454 2714 483 2794 7,
506 2713 548 2775 24
571 2712 683 2796 legatis
707 2713 943 2799 accusantibus,
967 2713 1052 2798 quod
1073 2713 1226 2797 pecunias
1251 2749 1288 2759 -

151 2814 272 2897 cepisse
301 2817 485 2898 arguerent.
530 2814 588 2877 Als
621 2814 739 2878 unecht
766 2814 827 2898 gilt
852 2815 935 2898 jetzt
964 2815 1003 2879 de
1033 2816 1085 2879 off.
1112 2817 1144 2894 1,
1171 2815 1225 2893 13,
1250 2815 1292 2878 10

152 2913 247 2978 rediit
281 2915 378 2999 paulo
414 2919 504 2999 post,
542 2914 627 2998 quod
664 2937 697 2979 se
734 2915 869 2979 oblitum
905 2917 1014 2981 nescio
1051 2916 1127 3000 quid
1162 2915 1290 2983 diceret.

151 3015 311 3080 Servius
339 3038 389 3100 ap.
418 3014 483 3079 Cic.
507 3015 543 3098 4,
569 3016 623 3097 12,
647 3017 667 3080 3
696 3017 737 3080 ab
760 3015 1028 3098 Atheniensibus,
1058 3018 1166 3082 locum
1188 3016 1292 3100 sepul·

150 3120 240 3181 turae
273 3117 360 3181 intra
392 3116 501 3180 urbem
536 3120 573 3180 ut
605 3117 731 3199 darent,
765 3119 938 3200 impetrare
972 3139 1037 3181 non
1066 3119 1171 3201 potui,
1205 3117 1291 3201 quod

151 3219 304 3303 religione
326 3239 360 3282 se
383 3218 528 3302 impediri
552 3217 704 3282 dicerent.
751 3217 860 3283 Caes.
891 3220 919 3283 b.
943 3241 975 3304 g.
1001 3223 1034 3301 l,
1058 3220 1099 3283 23
1127 3240 1184 3282 seu
1205 3218 1291 3302 quod

154 3321 269 3384 timore
296 3320 484 3404 perterritos
515 3318 675 3382 Romanos
703 3319 865 3383 discedere
892 3341 911 3383 a
939 3342 973 3384 se
1001 3320 1223 3384 existimarent
1252 3356 1288 3368 -

151 3423 217 3485 sive
254 3444 292 3486 eo
324 3421 410 3505 quod
443 3443 477 3484 re
509 3420 721 3486 frumentaria
754 3421 923 3485 intercludi
958 3443 1051 3506 posse
1085 3420 1290 3485 confiderent.
1377 3446 1381 3454 ’

154 3523 242 3586 Eheu
275 3545 311 3587 so
342 3545 391 3606 op.
415 3523 455 3587 21
484 3522 552 3586 sive
579 3521 694 3587 timore
726 3523 888 3606 perterriti
917 3560 955 3570 —
984 3523 1051 3586 sive
1084 3521 1169 3606 quod
1201 3543 1292 3586 suam

153 3624 264 3708 fugam
297 3624 441 3709 ignorari
475 3644 566 3707 posse
601 3623 831 3689 existimarent.
877 3622 966 3687 Doch
999 3624 1085 3688 kann
1120 3623 1154 3687 in
1183 3623 1291 3688 diesen

153 3725 265 3790 beiden
298 3724 433 3804 Stellen,
469 3726 529 3789 wie
562 3723 644 3789 auch
674 3724 738 3790 Cic.
764 3725 855 3790 Brut.
886 3725 1007 3808 0216,
1036 3711 1087 3801 die
1111 3723 1208 3789 Wahl
1237 3725 1292 3790 des

153 3827 267 3892 Modus
295 3827 388 3891 einen
418 3827 556 3891 anderen
580 3826 693 3892 Grund
721 3828 842 3909 haben,
866 3826 1062 3908 (111ῐὸ346,
1085 3829 1123 3909 4,
1146 3827 1167 3891 b
1194 3848 1292 3912 ange·

154 3930 263 3994 deutet
284 3930 336 3993 ist.
360 3967 399 3977 -
424 3929 453 3993 b.
476 3951 506 4014 g.
530 3929 565 4006 5,
588 3929 608 3992 6
636 3928 753 4012 partim
775 3927 860 4012 quod
889 3949 976 3992 mare
998 3929 1144 4011 timeret,
1175 3930 1291 4014 partim

153 4030 239 4115 quod
262 4030 474 4115 religionibus
497 4052 566 4094 sese
589 4030 709 4094 diceret
732 4029 890 4114 impediri.
934 4029 1089 4114 Dagegen
1114 4031 1188 4093 liest
1216 4051 1292 4094 man

147 4131 230 4215 jetzt
252 4134 286 4215 ’1,
310 4131 365 4214 75,
388 4133 409 4196 5
436 4132 520 4216 quod
543 4153 640 4195 se-
664 4131 783 4197 bellum
810 4134 957 4216 gesturos
980 4131 1130 4195 dicebant
1152 4128 1291 4214 (fritherz

152 4232 316 4314 dicerent).

239 4333 294 4399 Bei
324 4334 445 4399 Sallust
472 4334 563 4399 nicht
592 4334 766 4420 gesunden.
811 4333 892 4400 biv.
915 4334 951 4413 6,
973 4333 1010 4414 2,
1033 4333 1054 4397 9
1081 4335 1165 4418 quod
1193 4355 1293 4420 prope

153 4456 280 4500 omnem
314 4436 451 4502 deletam
484 4459 503 4500 a
536 4435 638 4501 Gallis
672 4435 851 4502 Romanam
885 4436 1085 4501 iuventutem
1118 4437 1293 4503 crederent.
