2880 5062
547 317 776 384 -575-

68 469 234 555 giebant.
277 474 307 555 3,
329 473 370 537 47
393 471 548 538 hordeum
578 494 605 537 c.
629 471 766 536 daretur.
810 470 968 556 Dagegen
997 472 1040 536 ist
1062 469 1142 537 euch
1165 471 1234 536 hier

69 571 134 636 der
154 574 351 658 Conjunctiv
374 574 429 639 des
451 573 636 639 Perfects
658 574 690 637 in
707 573 767 638 den
784 595 923 638 neueren
939 574 1113 659 Ausgaben
1130 573 1232 638 durch

69 671 142 739 den
174 676 272 742 Indis.
294 677 486 762 verdriugt:
509 677 539 744 b.
563 698 595 761 g.
618 679 650 759 4,
673 677 739 740 3ss
769 676 799 759 6,
825 677 862 741 18
886 699 914 739 u.
938 677 988 741 27.

173 779 272 844 Bell.
294 778 403 863 Hisp.
428 783 445 842 l
469 800 541 843 cum
565 778 680 862 aliquis
702 799 740 840 ex
763 799 800 842 ea
822 778 951 842 civitate
974 778 1094 862 optime
1116 777 1154 842 de
1174 776 1233 844 Cn.

68 875 241 966 Pompeio
265 881 398 945 meritus
422 880 500 945 ciris
523 883 615 945 esset.

173 981 268 1046 Fehlt
291 982 341 1046 bei
365 982 494 1063 Sallust,
519 980 599 1045 auch
624 981 673 1044 bei
696 979 839 1064 Vellejus
861 982 926 1046 und
949 981 1069 1048 Justin.

171 1084 249 1148 biv.
272 1086 303 1164 2,
326 1085 377 1161 27,
408 1084 427 1148 8
455 1082 591 1148 cum'in
615 1081 664 1146 ius
687 1082 759 1147 duci
782 1084 957 1148 debitorem
982 1083 1152 1164 vidissent,
1177 1106 1233 1149 un-

65 1178 182 1266 dique
203 1186 429 1251 convolabant.
469 1184 543 1250 Uud
559 1183 666 1269 gleich
682 1184 811 1249 darauf:
834 1208 949 1270 neque,
973 1208 1045 1251 cum
1061 1187 1230 1270 decresset,

64 1287 254 1372 quisquam
277 1288 530 1371 obtemperabat.
568 1287 665 1351 Sonst
687 1287 737 1351 bei
761 1286 828 1350 ihm
851 1288 943 1352 nicht
958 1287 1160 1372 beobechtet,
1177 1287 1232 1352 da·

67 1404 196 1471 gegeu
217 1391 267 1455 olt
286 1391 343 1456 obi
365 1412 392 1454 c.
417 1391 499 1473 conj.

172 1491 258 1556 Val.
288 1491 382 1558 Max.
414 1493 445 1576 3,
473 1493 504 1570 6,
533 1492 554 1556 5
581 1511 703 1576 proque
731 1491 839 1555 laurea
871 1513 1004 1571 corona,
1037 1513 1108 1556 eum
1137 1491 1234 1557 alicui

65 1594 273 1669 spectaculo
294 1594 472 1674 interesset,
496 1598 620 1676 myrtea
643 1616 717 1658 usus
740 1598 798 1657 est.
842 1593 872 1672 9,
899 1594 1015 1658 13111.
1038 1594 1059 1656 4
1081 1597 1115 1657 in
1137 1615 1231 1677 quem

64 1706 107 1750 Se
137 1696 331 1779 recipiebat,
354 1717 425 1760 cum
447 1696 548 1760 forem
571 1733 611 1742 -
627 1697 814 1764 obserasset.

171 1798 279 1863 Curt.
304 1798 336 1880 4,
364 1800 410 1876 16,
438 1799 476 1862 13
506 1819 578 1861 oum
605 1796 798 1881 hausissent,
824 1819 956 1862 -cum
985 1797 1231 1882 supervenisset.

61 1887 101 1970 5,
124 1895 202 1980 2,ss
224 1900 311 1983 tuba,
334 1921 405 1964 cum
430 1902 536 1963 castra
557 1920 683 1964 movere
707 1900 812 1983 vellet,
837 1900 965 1985 siguum
990 1900 1094 1964 dabat.
1130 1901 1161 1983 5,
1182 1901 1231 1978 13,

59 1987 84 2051 8
117 2018 154 2062 c.
181 2023 231 2065 res
253 2002 405 2085 locusque
435 2005 596 2085 posceret,
623 2001 780 2085 pedestris
804 2004 889 2067 acies
916 2007 994 2066 erat.
1038 2001 1231 2066 Ausserdem

59 2109 146 2161 nur
172 2103 255 2167 noch
278 2103 309 2186 9,
337 2107 362 2177 1,
389 2105 427 2166 15
448 2125 519 2166 cum
543 2115 585 2148 —'
606 2103 734 2171 vellent.

169 2204 269 2270 Plin.
299 2228 330 2270 n.
360 2205 393 2269 h.
426 2205 473 2288 16,
502 2205 522 2268 3
556 2206 784 2290 navigantibus
812 2206 947 2289 similes,
981 2228 1052 2271 cum
1081 2206 1233 2292 integant

54 2313 186 2381 aquae
202 2307 407 2390 circumdate,
429 2308 596 2392 naufragis
613 2330 696 2392 vero,
718 2329 789 2373 cum
804 2309 1003 2373 recesserint.
1033 2310 1085 2384 24,
1101 2309 1143 2372 42
1159 2330 1231 2372 cum

49 2403 157 2476 quid
182 2431 262 2494 opus
283 2411 334 2473 sit.
379 2410 429 2492 25,
450 2409 508 2472 164
528 2432 559 2473 u.
580 2410 631 2489 29,
650 2411 690 2474 70
713 2432 783 2474 cum
806 2432 887 2495 opus
910 2412 961 2474 sit.
1006 2409 1136 2489 28,109
1159 2431 1230 2474 curn

49 2499 218 2576 teratur.
262 2513 320 2592 30,
349 2510 388 2575 91
424 2532 495 2574 cum
524 2512 595 2594 quis
623 2512 763 2595 primum
789 2516 965 2596 temptatus
993 2512 1044 2576 sit
1087 2512 1138 2594 33,
1171 2511 1232 2576 100

46 2615 156 2675 eum
191 2635 266 2678 aero
293 2615 489 2678 inaurentur.
537 2613 597 2677 109
624 2635 697 2678 cum
724 2615 858 2679 desinat.
902 2614 953 2698 34,
989 2616 1047 2678 167
1077 2634 1150 2678 cum
1179 2635 1229 2678 co-

40 2715 207 2780 quatur.
252 2715 305 2797 35,
329 2716 371 2780 46
393 2736 465 2780 cum
488 2722 647 2781 cernatur.
692 2718 720 2792 7,
743 2717 784 2782 83
807 2738 878 2781 cum
901 2717 1107 2781 constitisset.

168 2817 335 2893 Quintil.
358 2817 388 2896 2,
412 2817 486 2897 6,2
515 2839 586 2881 cum
608 2816 857 2902 -duxissent,
887 2839 1021 2882 -cum
1052 2817 1091 2882 ad
1120 2817 1229 2883 dicen·

36 2895 157 3013 ‘illm
189 2920 251 3003 ipsi
279 2923 459 3004 surgerent.
505 2920 534 2998 6,
563 2921 594 3003 2,
617 2921 659 2984 35
686 2941 712 2984 c.
744 2920 975 3004 deposuissent.
1022 2921 1071 2999 12,
1099 2921 1173 3003 5,5
1203 2942 1229 2985 c.

34 2997 212 3085 ‘imeres
258 3019 417 3085 Unsioher
444 3022 488 3085 ist
511 3025 539 3100 1,
562 3022 593 3105 2,
616 3022 658 3085 23
687 3021 816 3106 (Halm:
851 3023 1095 3103 distribuerant3
1129 3020 1229 3085 hand·

33 3108 220 3190 schriltl.
243 3122 324 3187 auch
346 3122 598 3208 distribuerent).
643 3123 691 3188 lm
714 3123 883 3190 Praesens:
906 3126 936 3199 3,
960 3125 988 3204 6,
1006 3125 1045 3189 87
1062 3145 1087 3188 e.
1111 3123 1228 3188 habea·

29 3215 163 3288 mun,
206 3227 293 3290 Aber
321 3225 506 3290 beeintlusst
527 3247 591 3290 von
619 3231 698 3292 orat.
727 3226 822 3292 indir.
851 3226 895 3290 ist
917 3227 972 3291 der
995 3226 1088 3310 Oonj.
1112 3227 1147 3290 in
1168 3225 1229 3291 fol·

28 3318 212 3392 genden
234 3326 372 3392 Stellen:
396 3328 427 3409 7,
448 3329 479 3405 4,
501 3328 552 3395 44.
586 3327 670 3410 9,4,
696 3329 745 3392 12.
782 3330 883 3409 10,1,
909 3330 937 3393 7.
974 3329 1023 3410 10,
1047 3331 1076 3405 7,
1099 3329 1128 3393 7.

169 3427 313 3494 Seltsner
336 3429 385 3493 bei
409 3427 588 3495 Tacitus:
617 3430 648 3500 h.
675 3435 702 3514 1,
729 3432 769 3496 10
790 3432 908 3496 nimiae
936 3430 1133 3514 voluptates,
1156 3452 1228 3495 cum

26 3517 220 3597 vacaret,
264 3534 294 3616 2,
318 3531 357 3596 91
382 3553 413 3599 c.
430 3532 663 3599 consuleretur..
684 3555 760 3600 sun.
789 3539 814 3617 Ι,
838 3535 855 3597 7
878 3535 942 3598 nisi
965 3555 1036 3597 cum
1059 3533 1092 3596 in
1116 3537 1228 3598 senatu

21 3596 277 3703 ¹0queretur.
321 3635 352 3713 2,
375 3634 416 3698 48
438 3634 502 3698 nisi
525 3656 551 3699 c.
574 3636 750 3701 meruisset.
795 3635 948 3720 Hfiufiger
975 3635 1033 3699 hat
1055 3657 1089 3701 er
1111 3638 1229 3718 quoties

19 3717 138 3821 ²¹¹·1d
173 3737 227 3802 ubi
255 3759 283 3801 c.
315 3736 399 3818 conj.
427 3773 469 3783 -
499 3735 556 3800 Bei
584 3738 655 3803 dem
686 3739 846 3823 jungeren
875 3737 1037 3802 Plinius
1064 3736 1147 3802 habe
1175 3736 1227 3802 iclr

17 3817 188 3901 ulehts
214 3838 391 3923 gesunden,
426 3838 511 3903 finde
543 3839 624 3905 auch
657 3840 765 3905 nichts
794 3841 827 3904 in
855 3840 926 3905 dem
949 3839 1138 3926 Programm
1164 3862 1226 3904 von

18 3896 171 4007 Prot.
191 3941 309 4007 Kraut:
339 3942 417 4005 tiber
447 3940 538 4024 Synt.
560 3963 589 4006 u
612 3941 673 4006 Stil
701 3942 755 4006 des
779 3943 804 4026 j.
827 3942 910 4007 Plin.
934 3941 1111 4008 Sohbuthal
1135 3944 1226 4009 1872.

19 4036 106 4136 χ.
141 4039 251 4108 Suet
281 4042 346 4108 Jul.
369 4044 410 4108 68
439 4065 466 4108 o.
496 4043 726 4108 obsiderentur.
777 4043 846 4111 Tib.
876 4045 917 4109 68
948 4066 974 4109 c.
1004 4045 1140 4128 primum
1169 4066 1226 4127 pa-

43 4130 230 4211 ulSaent.
275 4144 362 4209 Nero
383 4144 426 4209 26
450 4167 476 4210 c.
500 4147 540 4209 ad
563 4166 677 4210 manus
699 4151 831 4210 ventum
853 4151 947 4212 esset.

21 4307 49 4372 1
167 4244 299 4331 Nepos
320 4250 352 4330 5,
375 4248 407 4330 4,
430 4248 451 4311 2
474 4269 501 4313 c.
531 4248 670 4333 aliquem
693 4249 849 4313 offensum
872 4248 1002 4314 fortuna
1024 4247 1155 4312 videret.
1194 4251 1224 4332 7,

56 4364 71 4396 >
120 4343 158 4409 3
178 4370 203 4417 c.
225 4355 352 4435 tempus
375 4354 533 4435 posceret.
579 4350 608 4433 7,
630 4351 662 4430 5,
685 4351 705 4413 2
727 4351 927 4416 attendisset.
975 4353 1022 4429 11,
1045 4349 1077 4434 2,
1098 4350 1119 4415 2
1141 4357 1226 4415 esset

21 4409 199 4520 datum.
246 4452 295 4537 14,
326 4453 356 4536 8,
386 4455 407 4515 4
435 4452 608 4517 clausisset.
657 4453 704 4535 15,
733 4453 769 4534 3,
798 4455 818 4518 3
845 4455 995 4518 venisset.
1039 4454 1107 4534 §5
1143 4458 1226 4519 esset
