2956 5054
591 316 801 382 ..39-

120 471 227 534 morbi
249 473 306 534 011.
337 469 435 534 Dann
457 474 536 534 eret:
560 471 613 554 qui
636 492 710 535 vero
733 470 861 554 probari
885 474 992 555 potest
1013 474 1049 535 ut
1070 470 1131 535 sibi
1153 471 1271 535 mederi

121 576 240 636 011-
262 574 293 654 3,
310 573 361 654 26,
387 573 430 636 63
452 572 558 655 itaque
580 575 613 636 et
629 571 805 636 Aeschines
827 571 876 658 (es
898 573 985 657 folgt
1006 576 1086 637 statt
1101 572 1158 636 der
1172 574 1273 657 regel-

122 674 256 739 rechten
272 674 369 738 Form
393 673 465 738 eine
486 671 587 737 Reihe
610 694 674 737 von
697 673 865 738 mchreren
881 673 1068 760 Exemplis).
1103 676 1140 758 4,
1163 675 1216 758 35,
1233 676 1274 739 74

125 779 217 840 utet
238 775 318 839 illud
341 775 531 839 ostendatur
554 813 592 822 -
616 775 820 840 abducendus
847 778 943 841 etiam
965 779 1014 840 est
1040 798 1273 861 nonuunquam

124 878 163 941 ad
192 878 257 942 alia
285 875 394 941 studia
422 876 530 955 (stattz
558 879 591 941 01
613 876 680 960 ipse
703 876 901 962 abducatur).
941 876 980 940 de
1002 898 1048 941 or.
1075 882 1109 961 1,
1130 878 1188 962 49,
1211 879 1274 942 214

123 1001 200 1042 nam
223 982 257 1043 et
280 979 445 1043 civitatum
468 977 679 1062 regendarum
704 981 759 1042 011.
791 978 820 1061 2,
840 980 889 1057 11,
905 979 956 1043 48.
985 982 1051 1062 top.
1068 979 1118 1058 25,
1134 980 1175 1044 93
1197 1002 1271 1044 nam

124 1085 157 1144 01
180 1085 342 1165 negantur
363 1101 459 1164 saepe
482 1101 519 1144 00
541 1080 665 1162 101010,
689 1080 774 1143 daun
799 1083 828 1161 ξ.
852 1080 910 1143 94:
942 1084 974 1143 at
998 1101 1069 1144 cum
1093 1081 1213 1165 aliquid
1235 1083 1274 1146 de

125 1182 277 1247 utilitate.
309 1181 392 1247 Sebr
413 1181 587 1246 auffallend
611 1181 654 1245 ist
675 1182 713 1245 de
736 1180 821 1265 legg.
839 1181 870 1262 2,
887 1182 937 1264 25,
954 1181 996 1245 63
1018 1203 1094 1246 nam
1118 1187 1151 1246 et
1175 1181 1272 1247 Athe-

123 1285 176 1346 nis
199 1321 256 1366 -‚
286 1306 335 1347 wo
359 1285 480 1346 eratin
502 1287 531 1364 ξ.
555 1283 595 1346 67
624 1283 725 1367 folgt:
755 1283 810 1346 sed
833 1283 994 1346 videamus
1016 1282 1196 1352 Platonem.
1218 1286 1272 1348 fin.

121 1385 159 1461 2,
182 1385 219 1467 4,
246 1386 284 1448 13
319 1407 395 1449 narn
423 1393 455 1448 et
482 1384 536 1448 ille
565 1383 647 1467 apud
677 1383 843 1448 Trabeam.
867 1383 929 1452 div.
953 1386 986 1461 1,
1010 1385 1067 1466 20,
1091 1387 1134 1449 40
1163 1393 1274 1450 narrat

121 1487 212 1550 enim
240 1492 273 1550 et
300 1486 386 1570 apud
414 1485 556 1549 Ennium
581 1484 719 1549 Vestalis
742 1486 798 1550 illa
818 1523 861 1534 —
882 1486 948 1550 und
971 1486 1058 1550 dann
1081 1491 1147 1551 erst
1176 1491 1206 1569 8.
1229 1488 1271 1551 42

122 1589 169 1651 011
190 1609 268 1651 sane
290 1590 386 1652 etiam
414 1587 492 1651 illud
515 1588 788 1667 commenticium,
817 1609 879 1671 quo
902 1587 1050 1652 Priamus
1074 1592 1122 1651 est
1144 1593 1274 1653 contur-

122 1689 221 1761 batus
244 1689 292 1773 (ea
314 1689 400 1772 folgt
415 1689 472 1752 dos
495 1691 605 1752 aweite
621 1687 732 1771 (litat).
765 1693 832 1752 Aus
855 1689 916 1753 den
933 1688 1069 1753 Reden
1091 1689 1146 1753 des
1163 1689 1274 1755 Cicero

124 1790 253 1853 werden
287 1812 350 1854 nur
384 1791 461 1853 zwei
490 1788 610 1854 Stellen
644 1790 833 1874 angefdhrt:
867 1791 929 1874 leg.
954 1789 1039 1854 Man.
1064 1791 1099 1871 7,
1126 1791 1162 1855 17
1196 1812 1273 1855 narn

124 1896 159 1955 et
180 1891 357 1974 publicani,
381 1892 468 1955 daun
491 1895 522 1973 ξ.
539 1892 577 1956 18
600 1894 710 1957 deiude
732 1915 770 1956 ex
788 1892 904 1956 ceteris
926 1891 1093 1956 ordinibus
1116 1891 1271 1958 homines.

124 1993 160 2056 in
182 1992 245 2056 Pis.
270 1994 329 2076 34,
354 1992 396 2058 83
423 1997 534 2058 001010
557 2017 574 2057 0
596 1995 690 2058 00110
717 1998 848 2058 suntet
875 1995 979 2078 prima
1009 1993 1065 2057 illa
1092 1994 1213 2058 scelera
1239 1995 1274 2058 in

124 2094 273 2158 adventu.
318 2095 400 2159 Dem
430 2093 610 2179 entspricht
632 2097 666 2159 in
689 2099 719 2177 ξ.
743 2097 785 2160 84
812 2096 958 2180 idemque
986 2099 1022 2159 tu
1052 2094 1274 2160 Rabocentum

125 2235 166 2243 —
189 2197 293 2261 securi
316 2197 513 2281 percussisti.

210 2299 240 2362 2.
271 2297 383 2380 Neque
404 2299 451 2362 010
473 2298 636 2363 Particula
658 2299 816 2383 pendens:
841 2298 918 2364 Cic.
936 2300 991 2363 fin.
1010 2301 1037 2378 1,
1054 2301 1083 2376 7,
1106 2300 1148 2364 23
1171 2320 1274 2384 neque

125 2422 199 2464 eum
230 2400 429 2484 Torquatum
456 2439 492 2447 -
515 2404 543 2481 ξ.
565 2402 608 2463 24
630 2400 729 2484 quid?
762 2399 798 2464 Τ.
822 2400 1001 2484 Torquatus
1023 2402 1051 2464 10
1081 2401 1135 2485 qui
1164 2401 1274 2465 consul

126 2523 199 2565 cum
222 2502 281 2566 On.
312 2502 445 2566 Octavio
478 2502 541 2565 fuit
569 2506 624 2566 ott.
664 2501 784 2585 (Stattz
819 2523 916 2584 neque
943 2501 979 2566 T.
1008 2502 1187 2586 Torquatus
1220 2504 1273 2583 10.)

126 2606 157 2679 2,
179 2605 232 2681 22,
256 2605 293 2669 71
318 2626 396 2667 nam
417 2626 477 2668 nec
500 2603 671 2668 virbonus
695 2625 732 2668 00
755 2603 856 2669 100100
878 2602 990 2667 haberi
1013 2602 1116 2680 debet,
1140 2604 1194 2686 qui
1218 2606 1273 2667 011.

126 2705 171 2770 Es
193 2706 288 2769 sollte
302 2704 524 2790 fortgefahren
540 2705 685 2796 werden:
709 2727 811 2790 neque
826 2706 935 2785 fortis3
958 2708 1037 2768 statt
1052 2705 1166 2769 dassen
1188 2704 1275 2768 steht

127 2811 157 2888 ξ.
173 2809 214 2871 72
236 2829 318 2892 quae
340 2807 403 2871 dici
424 2807 534 2871 eadem
557 2806 595 2870 de
619 2809 733 2871 ceteris
755 2808 927 2871 virtutibus
950 2810 1096 2890 possunt.
1132 2806 1224 2871 Tusc.
1240 2808 1273 2890 4,

127 2912 184 2992 27,
207 2911 249 2974 59
274 2931 352 2973 nam
379 2929 481 2992 neque
508 2908 614 2972 omnis
642 2909 808 2994 aegritudo
837 2930 901 2973 una
927 2908 1052 2972 ratione
1081 2907 1211 2972 sedatur
1233 2946 1273 2955 —-

127 3020 177 3074 est
198 3013 293 3075 ctiam
315 3011 349 3073 in
372 3011 519 3074 omnibus
534 3013 684 3093 quattuor
706 3010 1003 3094 perturbationibus
1026 3009 1082 3073 illa
1096 3009 1274 3077 distinctio,

127 3111 187 3198 (Es
209 3116 328 3176 mdeste
351 3111 524 3195 eigentlich
546 3111 673 3195 folgen:
696 3114 819 3198 01001.)
852 3112 1009 3190 1100120,
1033 3113 1073 3175 73
1098 3132 1163 3175 non
1186 3111 1272 3175 enim

127 3235 230 3296 neque
261 3218 296 3277 tu
325 3213 427 3297 possis
456 3250 495 3259 —
521 3211 705 3295 perducere.
752 3211 828 3277 Und
860 3213 933 3277 bald
965 3213 1093 3277 dmaul:
1128 3213 1211 3297 quod
1247 3215 1274 3276 si

127 3317 224 3380 etiam
246 3316 350 3399 possis
373 3313 497 3399 quidvis
520 3313 643 3380 deferre
666 3314 706 3378 ad
729 3316 875 3398 alterum,
899 3314 1072 3379 videndum
1095 3317 1273 3378 esttamen

127 3417 205 3500 quid
236 3417 291 3481 ille
323 3416 425 3500 possit
456 3415 623 3482 sustinere.
669 3417 746 3482 Man
779 3420 930 3481 erwartet
963 3415 1032 3478 bier
1065 3416 1111 3479 010
1146 3415 1274 3480 aweites

129 3520 295 3604 negativos
325 3516 433 3582 Glied:
463 3539 565 3602 neque
595 3519 676 3584 alter
704 3519 829 3604 quidvis
857 3518 958 3601 possit
986 3516 1152 3580 sustinere.
1199 3516 1274 3582 Dies

129 3621 201 3685 sind
232 3621 283 3685 die
312 3641 374 3684 von
403 3619 537 3704 Madvig
565 3642 621 3684 aus
644 3621 754 3686 Cicero
784 3620 914 3684 citirten
937 3616 1068 3682 Stellen.
1112 3616 1292 3682 Aehnlicn

128 3724 172 3788 ist
195 3724 246 3788 bei
270 3722 438 3798 Quintil.
465 3723 517 3803 12,
541 3722 574 3802 6,
597 3725 618 3784 2
641 3727 677 3786 01
698 3743 801 3805 neque
822 3740 1035 3805 praepropere
1057 3719 1276 3805 destringatur

129 3827 303 3890 immatura
324 3826 430 3906 1100ος
455 3825 555 3888 daun:
579 3844 639 3888 nec
660 3845 768 3888 rursus
782 3821 993 3887 differendum
1016 3827 1066 3885 001
1088 3822 1173 3906 (0100
1189 3825 1274 3887 Δο0-

128 3929 273 3994 koluthie
295 3927 362 3990 fur:
385 3948 488 4010 neque
503 3946 611 3989 rursus
627 3925 799 4004 differatur,
824 3946 888 3989 von
903 3930 939 3989 01
961 3922 1179 4008 abh‘angend).
1215 3923 1276 3988 Mit

131 4030 264 4114 Madvig
292 4029 377 4092 nieht
399 4027 479 4092 auch
502 4026 647 4090 Heraeus
674 4029 745 4090 eine
768 4026 866 4092 Stelle
895 4026 950 4089 des
972 4024 1101 4089 Tacitus
1130 4025 1273 4090 hierher:

130 4132 205 4195 hist.
228 4132 264 4212 4,
287 4131 329 4195 34
357 4128 482 4193 Vocula
511 4149 571 4193 nec
604 4128 778 4192 adventum
805 4127 945 4191 hostium
977 4128 1166 4211 exploravit.
1210 4127 1276 4191 Das

132 4238 216 4297 wire
240 4234 294 4297 ein
317 4227 450 4311 0110010.
476 4231 526 4294 101
548 4229 689 4310 Tacitus,
713 4229 853 4294 vvesbalb
875 4228 927 4293 ich
949 4249 1005 4293 nec
1027 4228 1127 4293 durch
1148 4249 1188 4294 00
1209 4231 1276 4310 qui·

131 4337 198 4401 dein
221 4334 411 4414 011011ος0.
434 4336 464 4414 ξ.
487 4333 560 4414 318,
583 4334 614 4398 8.

216 4438 285 4500 Aus
314 4434 376 4498 den
405 4434 588 4519 bisherigen
620 4431 909 4519 Untersuchungen
938 4433 1061 4518 ergiebt
1090 4429 1175 4511 sich,
1204 4432 1277 4495 dass
