2850 5062
685 344 727 353 -
769 306 832 369 534
877 288 940 352 -’

233 458 298 522 Dus
321 457 364 521 ist
386 456 532 521 ziemlich
555 457 727 522 klinstlich.
773 458 886 523 Gleich
908 459 1025 522 darauf
1052 459 1152 543 solgt:
1184 483 1222 522 es
1245 460 1367 523 666166-

234 582 329 623 rnans
350 580 439 643 gens,
463 581 543 642 quae
567 560 650 624 victe
671 562 833 644 quiescere
856 560 986 626 nesciet.
1023 560 1314 626 Handschriftlich
1332 564 1367 624 ist

234 661 330 725 auch:
359 660 410 739 42,
434 661 485 743 66,
507 661 527 724 9
550 665 626 726 sunt
648 664 706 745 qui*
724 700 764 709 -—
787 666 931 726 auctores
953 668 1040 726 sunt.
1086 663 1174 726 Aber
1197 664 1257 727 mit
1278 662 1368 727 Reehl

236 765 310 829 liest
342 785 418 826 man
452 762 551 827 sehon
582 763 643 827 seit
671 761 838 847 Sigonius:
871 764 925 847 qui
954 801 1001 817 -η
1017 764 1094 828 sint.
1124 802 1162 811 -
1198 764 1309 828 Falsoh
1334 767 1369 828 ist

235 866 322 930 Sen.
352 864 476 950 provid.
506 867 537 945 2,
567 866 587 928 6
616 886 679 928 non
709 870 785 929 sunt
811 886 892 949 quse
920 868 1059 949 possunt
1089 867 1200 948 (jetztt
1228 867 1367 950 possint.)

237 968 338 1032 Plin.
362 990 395 1032 n.
417 966 448 1030 h.
476 967 524 1046 17,
552 967 611 1030 176
633 971 709 1030 sunt
730 968 784 1050 qui
808 971 927 1032 vetant.
971 967 1024 1051 22,
1046 968 1089 1032 26
1111 973 1189 1032 sunt
1211 968 1263 1052 qni
1285 967 1369 1031 tradi·

239 1072 364 1134 derunt.
408 1069 461 1152 25,
487 1069 545 1132 158
569 1068 774 1133 inveniuntur
796 1069 849 1151 qui
874 1073 997 1134 vocant.
1038 1070 1108 1136 160.
1146 1071 1236 1134 Aber
1255 1074 1370 1133 ersctrt

235 1173 315 1237 6666
338 1171 400 1235 666
424 1169 627 1253 Coujunctiv.

319 1272 404 1338 Tse.
434 1270 506 1334 dial.
536 1273 572 1335 31
605 1276 680 1335 sunt
709 1271 792 1355 apud
821 1292 902 1355 quos
938 1307 968 1318 -
1000 1276 1150 1336 meretur.
1200 1272 1256 1353 (Es
1280 1272 1366 1357 folgt:

236 1377 342 1456 alios.)
389 1376 464 1457 Agr.
487 1373 528 1436 28
552 1395 588 1437 ac
609 1373 699 1437 fuere
721 1394 801 1456 qnos
824 1411 863 1419 -
887 1373 1073 1438 illustravit.
1120 1374 1220 1439 Sonst
1247 1378 1322 1439 setzt
1339 1395 1366 1437 er

236 1479 296 1542 den
319 1474 521 1559 Oonjunctiv.
547 1511 587 1521 —
610 1473 706 1538 Gell.
731 1474 831 1558 praef.
855 1476 873 1538 7
897 1479 977 1538 sunt
998 1477 1053 1559 qui
1076 1515 1117 1523 —-
1131 1478 1363 1561 'inscripserunt

220 1581 265 1658 Δ3,
291 1579 341 1661 18,
367 1580 384 1642 1
408 1599 473 1642 666
496 1577 591 1661 pauci
612 1583 689 1650 sunt
710 1576 765 1659 qui
787 1577 971 1660 opinantur.

321 1680 433 1763 Apul.
465 1682 539 1743 met.
568 1680 597 1756 5,
624 1676 649 1740 *2
676 1700 737 1742 nco
764 1681 814 1741 est
841 1679 1014 1763 quidquem
1045 1679 1132 1763 quod
1169 1679 1214 1743 ibi
1242 1680 1360 1743 nonest

237 1779 516 1867 (wehrscheinlioh
554 1778 777 1843 verschrieben
814 1782 909 1844 stett:
947 1782 1013 1863 sit).
1072 1781 1170 1846 Beids
1205 1781 1300 1846 Modi:
1329 1780 1357 1842 dc

237 1883 356 1948 mundo
384 1904 433 1966 cp.
458 1883 475 1945 'l
499 1884 575 1946 sunt
596 1881 650 1964 qui
673 1903 726 1944 ees
754 1880 900 1945 finitimis
928 1881 1006 1947 locis
1030 1882 1309 1967 comprehendunt,
1331 1886 1355 1944 et

237 1989 313 2049 sunt
342 1984 395 2068 qui
424 1985 456 2046 in
485 1982 548 2047 sliu
575 1982 732 2047 divisione
754 2004 808 2048 eas
830 1984 993 2048 hsbendss
1022 1989 1140 2070 putent
1162 1987 1219 2069 (sl.
1241 1986 1350 2068 pulsnt).

237 2085 406 2170 Capitol.
436 2088 511 2149 Ant.
541 2083 599 2148 Ph.
632 2087 669 2148 18
697 2106 756 2150 666
785 2084 955 2150 defuerunt
984 2087 1132 2151 homines
1159 2089 1214 2171 qui
1242 2123 1278 2134 -
1295 2106 1349 2150 con·

237 2188 415 2253 sinuerunt.
868 2246 870 2251 .

322 2287 368 2352 lm
405 2287 628 2373 Allgemeinen
665 2289 781 2352 uimmt
817 2288 872 2352 der
905 2289 1075 2354 Gebrauch
1112 2291 1168 2356 des
1206 2287 1346 2355 Indicstivs

238 2391 321 2456 nseh
354 2391 409 2454 der
445 2387 643 2453 klsssischen
672 2388 741 2453 Zeit
772 2391 828 2468 ab,
864 2391 930 2455 und
963 2392 1014 2456 661
1045 2394 1205 2458 munchen
1236 2394 1345 2455 Antoren

243 2494 369 2559 schsiut
392 2515 426 2555 er
448 2514 486 2554 zu
509 2490 628 2555 fehlen.

322 2597 352 2659 3.
377 2595 441 2658 Der
463 2614 522 2656 von
547 2593 608 2657 den
625 2593 814 2677 Adjectiven
837 2596 962 2677 dipnus,
985 2598 1147 2680 indipisces,
1170 2598 1285 2661 1666666
1300 2587 1343 2655 und

239 2702 333 2779 aptus
369 2694 551 2779 abhingige
589 2693 782 2759 Relativsstz
824 2695 910 2760 steht
945 2718 1058 2782 wegen
1102 2698 1158 2762 der
1198 2697 1344 2773 Bedeutung

239 2797 342 2863 dieser
371 2798 553 2881 Adjeetivs‚
586 2797 636 2860 die
666 2798 723 2861 aui
749 2802 846 2862 etwas
880 2821 919 2862 zu
952 2800 1168 2864 erwsrtendes
1196 2796 1344 2868 hinccine,

239 2920 300 2963 nur
321 2899 365 2962 im
389 2899 598 2982 Oonjunctiv:
628 2899 750 2962 Plsut.
775 2899 866 2963 Asin.
891 2902 933 2964 80
955 2902 1144 2984 praesertim
1166 2923 1256 2986 quom
1273 2899 1295 2962 is
1310 2913 1345 2958 ne

239 3001 382 3086 dignum,
407 3000 481 3085 quoi
505 3000 724 3078 concrederet,
757 3000 879 3066 habuit.
924 3002 1009 3066 Ter.
1033 3002 1116 3068 Eun.
1140 3004 1201 3068 866
1223 3007 1254 3067 66
1270 3004 1298 3063 tu
1313 2996 1346 3058 16·

239 3104 357 3188 dignus
390 3103 444 3186 qui
478 3102 608 3166 faceres.
654 3101 754 3166 Andr.
786 3104 846 3167 757
875 3103 998 3181 idonei,
1032 3105 1066 3167 in
1090 3106 1203 3189 quibus
1230 3106 1269 3168 sic
1285 3096 1346 3163 inlu·

240 3205 331 3269 detis.
383 3203 455 3268 Alle
488 3202 555 3267 drei
584 3202 752 3286 Adjectiva
783 3205 854 3268 sind
888 3205 970 3270 eben
1003 3228 1039 3271 so
1076 3228 1138 3271 von
1173 3206 1275 3272 Cicero
1300 3195 1347 3262 und

240 3305 396 3390 Spiiteren
420 3305 609 3391 coustruirt3
636 3304 712 3369 aber
734 3312 827 3388 aptus
850 3307 927 3372 wircl
952 3330 1013 3371 nur
1034 3309 1055 3372 2
1077 3306 1144 3373 Mel
1172 3309 1266 3372 citirt:
1291 3300 1347 3367 Git·

242 3408 327 3472 Lael.
349 3412 375 3490 1,
398 3408 419 3471 4
440 3407 530 3471 nulls
551 3407 718 3471 videbatur
739 3409 845 3492 aptior
868 3431 1014 3494 persona,
1037 3432 1120 3494 quae
1143 3410 1181 3475 de
1203 3401 1349 3474 illucente

241 3511 431 3594 loqueretur.
479 3508 592 3594 (Sonst
614 3512 696 3573 setzt
718 3530 752 3573 er
773 3513 818 3575 ad
838 3512 915 3576 oder
937 3512 999 3575 den
1021 3512 1145 3596 Datis.)
1190 3510 1278 3578 Ovid
1301 3503 1349 3567 les·

240 3614 270 3692 3,
293 3613 335 3675 70
356 3615 405 3676 est
427 3610 517 3689 mihi,
541 3631 622 3693 quse
644 3610 736 3675 lanus
759 3612 894 3694 molliet,
918 3617 994 3698 apte
1016 3635 1141 3679 manus.

326 3712 432 3778 Ueber
460 3714 575 3796 dicon
602 3713 662 3776 mit
689 3718 724 3777 ut
751 3735 776 3776 s.
807 3719 827 3796 ξ
854 3715 926 3793 399,
955 3715 1016 3779 mit
1044 3716 1117 3780 clem
1145 3716 1236 3780 Infin.
1261 3705 1353 3794 §42¹3

240 3813 318 3877 tiber
340 3815 469 3879 1666666
490 3813 555 3877 und
577 3818 670 3897 uptus
692 3835 717 3877 6.
740 3815 799 3878 inf.
822 3814 853 3878 ΙΙ
876 3816 996 3882 6614
1017 3818 1110 3881 6666.

327 3915 441 3996 5491.
487 3915 654 3981 Ceussle
682 3914 959 3983 Relativsistze
988 3917 1101 3983 slehen
1130 3920 1165 3983 in
1187 3921 1242 3984 der
1260 3904 1353 3981 uelli·

245 4017 341 4081 schsn
358 4015 429 4081 Zeit
449 4015 533 4081 noch
555 4017 781 4101 ilberwiegend
803 4018 846 4082 im
869 4018 1093 4104 lndicstiv‚
1116 4044 1144 4085 6.
1169 4020 1205 4084 Β.
1226 4019 1273 4085 Pl.
1286 4007 1355 4078 Tn'fl·

242 4118 304 4182 905
326 4117 459 4182 ridicule
481 4118 621 4202 rogites,
651 4141 786 4203 quocum
811 4142 874 4183 uns
897 4122 1003 4186 cibum
1028 4144 1142 4206 capere
1165 4123 1259 4187 soleo.
1294 4110 1355 4178 Hier

244 4219 368 4283 6666616
400 4219 456 4284 der
487 4218 670 4284 Nebensutz
703 4220 764 4285 den
790 4222 927 4286 Grund
957 4222 1012 4287 des
1040 4223 1083 4286 im
1106 4222 1293 4309 Hauptsstns
1314 4207 1357 4275 Ab·

242 4320 430 4404 gegebenen
455 4319 611 4385 Urtheils.
656 4321 747 4386 Eberr
772 4345 806 4387 so
829 4324 946 4407 Amph.
970 4325 1036 4388 289
1059 4331 1145 4390 recte
1174 4331 1206 4391 66
1226 4315 1357 4407 sapienter

241 4420 334 4502 feeit,
364 4423 418 4509 qui
447 4421 620 4506 conplexus
651 4445 722 4488 cum
746 4426 923 4489 Alcumeus
952 4427 1048 4491 cubet
1070 4449 1189 4491 amans.
1232 4422 1289 4490 mil.
1307 4410 1356 4481 3¹5
