2926 5062
595 335 803 400 ...33-

115 490 162 553 ist
186 488 300 574 Prop.
317 491 350 572 2,
375 490 406 570 9,
434 490 470 555 l8
493 495 570 554 tunc
593 491 688 555 etiam
711 491 788 555 felix
810 491 894 555 iuter
916 493 949 556 et
970 511 1058 555 arura
1080 489 1183 574 pudor
1206 493 1271 575 (wo

116 595 305 677 Hertnberg
334 593 435 657 lehrt:
466 593 567 657 altero
595 595 691 658 etiam
719 595 804 657 necti
827 594 1005 673 enuntiata,
1028 595 1129 658 altero
1152 599 1180 657 ct
1201 616 1271 657 sen·

117 699 245 763 tentiae
268 697 334 760 vim
357 696 391 760 in
414 717 490 760 voce
512 718 606 761 arma
629 697 766 781 positam
787 697 924 781 augeri).

209 802 239 863 2.
284 798 494 880 Et-quoqae
520 796 607 862 steht
633 798 695 862 ein
718 797 782 861 Mal
811 798 861 862 bei
884 798 1008 862 Plaut.
1037 796 1122 861 Men.
1151 798 1212 862 768
1241 801 1273 860 et

120 903 171 966 illi
205 922 333 985 quoque
368 901 447 962 haut
479 899 642 964 abstinent
674 921 769 983 saepe
800 900 901 983 culpa.
947 898 991 962 Es
1024 898 1104 963 wird
1132 920 1187 963 aus
1216 899 1272 962 dcr

120 1002 322 1067 hlassischen
346 999 418 1064 Zcit
439 1023 500 1064 nur
522 1001 597 1064 zwei
621 1000 687 1065 Mal
715 1001 816 1066 eitirt:
851 999 917 1065 Cic.
943 1001 1032 1064 Verr.
1054 999 1101 1079 ΙΙ,
1134 1003 1149 1062 1
1178 1004 1208 1081 ξ.
1235 1003 1270 1063 ll

120 1110 224 1169 erunt
244 1105 299 1188 qui
323 1107 356 1167 et
378 1105 413 1167 iu
435 1125 472 1168 eo
496 1124 621 1186 quoque
644 1103 810 1166 audaciam
840 1103 907 1166 eius
934 1101 1172 1186 reprehendant
1193 1106 1272 1183 (von

122 1207 329 1291 Wesenberg
351 1208 410 1270 mit
431 1204 535 1269 Rccbt
564 1206 789 1282 beanstandet,
821 1226 881 1269 von
906 1204 1014 1269 Baiter
1044 1204 1273 1288 beibehalten).

120 1311 166 1374 de
196 1312 262 1374 inv.
297 1309 332 1391 2,
363 1312 418 1391 16,
447 1307 490 1372 50
520 1308 661 1371 eiusdem
695 1328 764 1371 ease
795 1311 827 1370 et
859 1306 919 1371 hoc
951 1329 1076 1391 quoque
1109 1306 1274 1370 admisisse

122 1411 280 1494 (Lambiu
314 1409 413 1474 strich
445 1415 489 1492 et,
522 1408 633 1474 Baiter
665 1408 836 1472 hlammert
868 1431 901 1473 es
935 1410 1012 1492 ein).
1065 1407 1121 1472 Bei
1155 1407 1273 1473 Caesar

121 1515 192 1577 und
220 1512 342 1577 Sallust
367 1510 469 1575 findet
500 1510 569 1575 sich
600 1511 694 1575 heine
727 1509 810 1595 Spur
843 1510 957 1576 dauon.
1003 1509 1095 1574 Auoh
1129 1510 1180 1574 bei
1209 1509 1271 1573 Li·

123 1617 217 1678 vius
239 1613 326 1678 noch
349 1611 496 1676 ziemlich
512 1614 614 1677 selten
639 1613 704 1676 und
728 1634 812 1676 zwar
833 1614 867 1676 in
891 1615 946 1676 der
969 1611 1161 1695 Bedeutung
1184 1610 1273 1693 „und

124 1716 243 1780 auch“.
305 1715 362 1793 26,
397 1714 454 1790 38,
489 1716 506 1777 7
541 1719 574 1778 et
613 1719 681 1778 tum
719 1736 843 1799 quoque
876 1714 978 1799 magis
1009 1713 1117 1797 inopia
1149 1713 1275 1777 consilii

124 1817 264 1902 potioris
298 1837 394 1900 quam
427 1837 483 1899 ape
517 1816 660 1881 effectus.
715 1818 770 1889 33,
799 1819 853 1896 34,
888 1819 908 1881 6
940 1815 1113 1882 Perrhaebi
1148 1819 1181 1877 et
1212 1816 1275 1880 Do·

126 1922 219 2004 lopes
247 1939 373 2003 quoque
406 1918 498 1983 liberi
532 1919 731 2002 pronuntiati
762 1918 943 2004 (unsichere
971 1917 1108 1997 Lesart).
1158 1920 1213 1995 34,
1244 1919 1275 1996 2,

132 2026 165 2084 11
193 2044 293 2105 remp.
318 2041 481 2103 capessere
504 2041 556 2084 eas
579 2021 720 2104 patimur
741 2025 774 2085 et
793 2022 863 2085 foro
879 2042 1006 2106 quoque
1021 2024 1054 2085 et
1068 2020 1274 2084 contionibus

127 2161 169 2170 -
192 2123 376 2188 immisceri.
400 2122 453 2203 35,
475 2122 526 2200 23,
550 2124 567 2186 7
592 2123 671 2186 etin
689 2123 800 2186 castris
816 2144 941 2206 quoque
962 2123 1049 2187 foret
1070 2122 1273 2205 trepidatum,

128 2225 173 2289 ni.
196 2225 252 2302 37,
276 2226 306 2302 7,
329 2226 350 2288 3
377 2221 458 2287 nihil
488 2225 694 2308 impetratum
720 2263 754 2271 -
780 2229 812 2287 et
834 2246 871 2288 ea
893 2245 1018 2309 quoque
1040 2224 1133 2288 irrita
1155 2224 1275 2307 legatio

131 2326 261 2390 dimissa
280 2329 340 2391 est.
385 2328 442 2407 37,
465 2329 523 2405 31,
545 2326 566 2389 2
589 2325 787 2389 obsidionem
810 2364 849 2375 —
873 2325 1010 2389 tolerare
1039 2329 1071 2388 et
1093 2325 1276 2389 obsidentes

130 2453 254 2515 quoque
277 2432 316 2495 ad
340 2430 484 2494 ultimam
507 2430 652 2512 inopiam
674 2428 840 2491 adducere.
868 2427 1009 2511 perioch.
1038 2428 1079 2491 82
1108 2433 1141 2491 et
1163 2428 1276 2491 castris

130 2555 180 2617 qu.
206 2534 410 2617 expugnatis.
455 2533 542 2596 Aber
572 2528 760 2614 verddchtig
789 2529 832 2592 ist
860 2530 917 2612 30,
951 2533 1003 2606 10,
1036 2529 1075 2593 15
1101 2529 1214 2592 deinde
1245 2531 1278 2592 et

129 2635 424 2718 propugnatoribus
454 2655 580 2717 quoque
608 2630 829 2696 incommodae
858 2635 951 2695 eraut
980 2635 1042 2711 (wo
1065 2630 1196 2714 Madvig
1217 2631 1277 2694 mit

130 2733 235 2799 Recht
256 2740 285 2800 et
306 2734 453 2813 atreicht,
484 2735 557 2799 weil
579 2756 612 2799 es
635 2732 734 2813 nicht,
757 2733 818 2796 wie
840 2732 874 2796 in
896 2733 958 2796 deu
987 2733 1120 2817 vorigen
1143 2731 1275 2810 Stelleu,

130 2837 205 2900 und
228 2835 404 2919 bedeutct).
443 2836 557 2901 Falsch
580 2834 779 2920 angebracht
801 2833 871 2898 sind
894 2833 1045 2918 folgeude
1068 2833 1144 2898 uwei
1171 2832 1277 2898 (litate

129 2938 181 3001 bei
205 2937 302 3002 Hand
326 2937 418 3005 Turs.
440 2939 471 3019 2,
494 2939 557 3003 522
580 2937 626 3022 fg.
648 2937 700 3013 41,
723 2937 774 3013 24,
800 2936 838 2999 16
861 2939 1043 2999 nostrorum
1066 2940 1098 3000 et
1120 2957 1179 2999 nos
1202 2957 1278 3018 quo-

131 3062 192 3123 que
215 3043 309 3123 (statt
330 3044 457 3104 nostros
480 3061 603 3124 quoque
626 3044 659 3103 et
680 3041 754 3120 nos)
780 3037 845 3101 und
872 3038 931 3117 42,
957 3039 1009 3118 17,
1038 3039 1058 3101 3
1082 3037 1277 3122 (Weissenb.

130 3142 365 3227 interpungirt:
389 3146 422 3206 et
443 3142 539 3205 duces
561 3140 726 3205 Romanos
748 3161 858 3204 omues
881 3143 915 3202 et
936 3138 1074 3223 legatos,
1098 3144 1277 3203 exterarum

131 3264 257 3326 quoque
280 3245 425 3328 gentium
447 3241 615 3327 insigues).

218 3344 328 3410 Ovid.
338 3344 406 3409 her.
426 3345 472 3423 16,
489 3344 531 3407 92
542 3343 631 3407 addit
642 3347 675 3407 et
686 3344 725 3407 ad
737 3344 838 3407 festos
849 3342 934 3406 huuc
945 3364 1071 3426 quoque
1078 3342 1173 3405 Troia
1185 3342 1277 3407 diem.

218 3446 332 3511 Falsch
356 3446 407 3510 bei
429 3445 530 3510 Vell.
557 3448 589 3520 1,
616 3445 667 3522 17,
696 3444 716 3506 2
747 3448 783 3508 ut
811 3448 844 3508 et
864 3444 991 3508 Livium
1013 3465 1140 3527 quoque
1162 3443 1226 3528 (wo
1249 3450 1277 3508 et

137 3547 319 3631 gestrichen
342 3547 444 3629 wird).
540 3532 544 3537 ¹

205 3648 328 3714 -Ourt
351 3650 384 3727 4,‘
403 3649 438 3727 4,
461 3649 481 3713 9
503 3670 600 3713 naves
623 3649 852 3733 superveniunt
879 3653 912 3712 et
934 3669 989 3711 rer
1011 3670 1137 3733 quoque
1159 3648 1279 3712 aderat.

135 3753 164 3827 6,
190 3754 237 3829 11,
263 3752 311 3815 10.
356 3752 535 3831 9,10,10.
582 3752 683 3834 10,7,
708 3752 757 3814 17.
788 3750 899 3815 Oefter
920 3750 1023 3818 nicht.
1059 3751 1144 3816 Seu.
1168 3753 1223 3815 vit.
1248 3754 1278 3816 b.

136 3854 165 3934 6,
192 3855 205 3915 l
231 3853 285 3916 scd
308 3857 341 3916 et
363 3854 488 3917 animus
511 3874 646 3937 quoque.
691 3875 741 3936 ep.
766 3855 816 3931 71,
842 3856 869 3916 l.
915 3854 966 3936 88,
989 3854 1040 3921 24.

220 3953 323 4018 Pliu.
347 3977 379 4018 n.
401 3954 432 4019 h.
457 3957 491 4031 8,
521 3955 563 4018 56
593 3958 668 4018 sunt
698 3977 770 4018 vero
793 3958 826 4018 et
846 3955 997 4019 fortunae
1021 3976 1280 4039 eorumquoque

138 4054 324 4119 clementiae
352 4057 505 4140 exempla.
550 4055 624 4121 Und
645 4055 730 4119 blter
753 4056 803 4120 bei
825 4055 902 4120 ihm.

221 4155 324 4220 Plin.
348 4180 398 4242 ep.
422 4159 450 4235 7,
472 4158 504 4241 4,
527 4158 557 4222 9.
580 4180 649 4241 pan.
673 4158 725 4225 58.
769 4157 872 4221 Dafdr
895 4158 976 4223 auch
999 4181 1037 4223 ac
1068 4180 1205 4241 quoque:
1232 4182 1280 4243 ep.

142 4260 168 4334 1,
195 4259 240 4337 13,
263 4260 292 4324 2.

220 4361 384 4425 Tacitus
413 4363 491 4446 Agr.
525 4364 568 4426 24
601 4366 633 4426 et
662 4363 788 4427 Gallico
821 4386 949 4448 quoque
976 4365 1058 4428 mari
1086 4367 1279 4447 opportuna.

140 4460 171 4526 h.
194 4464 220 4545 1,
241 4464 285 4528 30
307 4467 341 4526 et
356 4461 441 4527 Nero
457 4486 579 4547 quoque
602 4486 658 4528 ros
681 4465 835 4530 destituit.
867 4467 978 4531 Oelter
992 4467 1026 4529 in
1043 4465 1103 4529 den
1120 4465 1277 4529 Aunuleu,

190 4576 312 4621 Duronia,
328 4573 383 4615 hist
398 4575 485 4626 syntax
498 4576 539 4615 dcr
551 4576 596 4616 lat.
611 4575 660 4622 spx.
675 4575 706 4615 11.
735 4577 755 4617 2.
768 4576 824 4616 auh.
1037 4574 1053 4623 3
