3024 5070
581 317 810 380 ,135-

119 469 230 533 mirari
252 489 303 532 me
325 470 482 550 oportere,
507 473 534 529 si
556 466 604 529 illi
620 504 661 515 -—
684 466 872 530 defuissent.
917 465 983 530 har.
1007 487 1089 548 resp.
1112 467 1178 540 5,8
1202 487 1264 530 non

120 570 244 646 mirum,
267 569 293 632 si
317 568 377 632 boe
400 568 488 631 vobis
517 566 684 631 ridiculum
713 567 849 631 videtur.
894 590 924 650 p.
948 566 1028 630 Mur.
1061 571 1107 645 ll,
1131 568 1174 631 24
1201 589 1266 631 non

120 672 247 747 mirum,
271 671 298 733 si
322 707 363 717 —
387 668 586 733 consulatum
616 670 777 733 consecuti
804 671 889 732 sunt.
935 668 1043 732 Selten
1074 670 1133 732 mit
1161 672 1267 752 posi·

122 773 250 836 1110111
280 770 475 854 Hauptsatz:
509 769 596 833 Lael.
625 771 710 851 §54
737 771 848 846 miror,
876 769 903 832 si
930 790 1120 852 quemquam
1149 771 1267 834 habere

123 875 239 958 potuit.
283 872 370 936 Hor.
394 875 453 935 sat.
480 875 506 947 1,
532 875 558 948 1,
582 871 781 952 8611111111,
805 871 842 934 si.
887 869 981 934 Fehlt
1003 871 1053 934 bei
1076 870 1190 956 Virgil,
1213 873 1268 937 der

123 996 184 1037 nur
207 973 268 1037 den
285 978 361 1037 Ace.
386 995 411 1037 c.
435 973 492 1037 inf.
516 972 582 1036 und
604 973 655 1036 die
677 973 831 1036 indirecte
846 971 948 1055 Frage
964 971 1046 1035 nach
1064 974 1161 1036 miror
1176 978 1265 1038 setzt.

123 1074 218 1138 Aueh
240 1075 290 1138 bei
314 1073 432 1138 Caesar
459 1073 522 1137 und
545 1072 667 1138 Sallust
693 1073 783 1138 nicht
811 1073 967 1137 bemerlrt.
992 1112 1032 1121 -—
1056 1073 1132 1141 Liv.
1166 1078 1194 1153 1,
1216 1076 1267 1151 53,

126 1178 164 1239 10
186 1179 294 1240 vetant
316 1175 433 1252 mirari,
457 1176 484 1238 si
506 1213 547 1222 —
570 1174 644 1238 talis
667 1176 701 1237 in
723 1174 841 1238 liberos
863 1180 957 1239 esset.
1000 1176 1030 1253 3,
1047 1177 1097 1253 21,
1119 1176 1141 1239 4
1162 1177 1267 1255 mirer,
1291 1190 1298 1209 ·

122 1277 149 1340 11
172 1299 254 1342 vane
275 1281 381 1342 vestra
402 1278 576 1341 auctoritas
599 1276 639 1340 ad
661 1276 786 1359 plebem
810 1275 881 1339 est?
911 1277 940 1354 9,
966 1277 1013 1349 18,
1041 1277 1078 1339 10
1106 1278 1267 1353 miremur,

122 1379 149 1440 si
173 1416 214 1425 -
237 1378 307 1460 plus
334 1381 464 1442 fortuna
490 1377 687 1442 variaverit?
721 1379 749 1456 8,
773 1377 824 1453 39,
852 1378 890 1440 10
921 1378 1051 1441 minime
1080 1377 1113 1440 id
1141 1379 1267 1462 quidem

123 1480 237 1543 mirum
268 1501 346 1556 csse,
377 1481 403 1543 si
428 1518 465 1527 —
491 1477 571 1543 nihil
599 1500 748 1562 prospere
777 1482 919 1563 agerent.
964 1479 1014 1556 32,
1037 1479 1087 1558 20,
1111 1481 1132 1543 2
1160 1502 1265 1565 neque

123 1582 254 1656 mirum,
284 1582 311 1644 si
334 1618 372 1627 —
402 1581 621 1645 turbaverant.
665 1579 705 1643 In
733 1580 842 1644 diesen
870 1580 946 1644 111111
966 1580 1087 1645 Stellen
1117 1581 1174 1646 hat
1202 1584 1269 1646 also

124 1683 181 1745 der
195 1681 376 1765 Hauptsatz
391 1683 616 1766 negativen
634 1680 731 1745 Sinn:
754 1681 905 1764 positiv
927 1683 970 1744 ist
991 1704 1026 1746 er
1047 1704 1109 1747 nur
1124 1684 1158 1746 in
1173 1684 1202 1761 3,
1219 1685 1269 1760 28,

123 1785 144 1848 5
166 1786 343 1867 mirumque
367 1805 435 1847 esse
456 1786 494 1848 111
509 1784 572 1846 iam
585 1824 622 1832 —
638 1786 744 1846 eastra
765 1783 904 1846 hostium
920 1788 1151 1868 oppugnentur
1166 1785 1267 1866 (‚,und

125 1884 436 1966 wahrscheinlich“).
1218 1902 1223 1912 ·

210 1985 292 2053 Vel.
317 1987 412 2052 Max.
440 1988 470 2060 5,
496 1988 511 2049 1
536 1990 599 2050 ext.
630 1985 646 2047 1
671 1986 746 2068 quid
775 2007 852 2070 ergo
875 1989 990 2050 mirum
1013 1991 1079 2066 est,
1102 1989 1129 2052 si
1157 2027 1193 2036 —-
1216 1990 1270 2053 du·

125 2087 265 2152 cebant?
302 2090 337 2161 6,
377 2093 401 2164 1,
432 2088 471 2150 10
498 2092 531 2150 01
563 2088 637 2171 quid
670 2088 795 2164 mirum,
829 2089 856 2152 si
890 2090 950 2154 hoe
985 2122 1022 2136 0-
1053 2096 1270 2154 censuerunt?

88 2244 90 2247 ,
126 2189 232 2254 Ourt.
255 2192 285 2271 4,
313 2192 359 2266 11,
383 2189 403 2251 4
425 2189 537 2272 ecquid
565 2190 680 2252 mirum
705 2196 767 2266 est,
801 2191 828 2253 si
852 2229 892 2239 —
915 2211 1026 2274 pacem
1049 2191 1153 2274 petit?
1186 2194 1216 2268 8,
1239 2194 1267 2269 7,

128 2293 167 2352 14
190 2291 327 2368 miraris·
348 2292 377 2354 si-
398 2291 579 2374 superbiam
602 2296 690 2354 tuam
711 2291 795 2355 ferre
818 2314 881 2355 non
905 2292 1097 2376 possumus?
1120 2292 1270 2356 Petron

127 2392 168 2454 68
197 2393 303 2467 miror,
338 2394 403 2456 11111
434 2429 473 2439 -
501 2397 585 2460 sunt.
629 2391 671 2455 90
698 2414 762 2456 non
801 2396 914 2469 miror,
938 2395 965 2457 si
989 2431 1029 2441 -
1057 2396 1269 2477 prosequitur.

125 2491 215 2558 Tae.
239 2516 314 2557 ann.
341 2495 388 2570 12,
404 2494 444 2557 31
468 2493 545 2578 quid
567 2495 691 2571 mirum,
715 2495 742 2556 si
765 2494 843 2560 haec
865 2495 986 2559 invitus
1001 2495 1117 2559 amisi?
1139 2495 1271 2578 Nepos

125 2599 156 2678 ς’),
178 2597 208 2672 4,
230 2596 252 2659 4
272 2595 405 2658 minime
428 2599 476 2659 est
499 2595 694 2675 mirandum,
725 2599 752 2661 si
775 2635 815 2644 -
838 2597 908 2661 fuit.
954 2598 984 2674 9,
1007 2599 1037 2675 3,
1064 2599 1079 2660 1
1108 2619 1211 2681 neque
1239 2598 1271 2662 id

126 2698 322 2775 mirandum,
351 2697 378 2760 si
408 2719 473 2761 non
501 2697 597 2762 facile
619 2697 658 2762 ad
682 2700 872 2764 credendum
895 2697 1119 2763 adducebatur.
1164 2699 1271 2765 Just.

125 2802 154 2875 4,
181 2805 206 2874 1,
230 2800 249 2863 8
272 2820 331 2863 nee
353 2799 477 2878 mirum,
501 2803 529 2864 11
553 2837 592 2847 --
615 2805 671 2864 est

213 2903 246 2980 11)
272 2902 423 2965 Andere
453 2902 582 2967 Verba
608 2902 675 2966 des
704 2904 888 2968 Affectes
916 2904 1065 2967 kommen
1088 2905 1191 2967 selten
1214 2907 1273 2969 mit

127 3005 155 3066 si
177 3023 251 3066 vor:
275 3000 350 3064 Cic.
375 3001 466 3066 Verr.
489 3007 510 3067 4
532 3009 552 3084 ξ
574 3007 614 3069 31
636 3009 757 3088 paradeo
779 3005 890 3081 etiam,
920 3005 947 3067 si
970 3003 1045 3087 quid
1075 3004 1115 3067 ab
1137 3005 1193 3068 illo
1215 3007 1271 3070 ab·

129 3102 257 3166 stulisti.
302 3100 506 3185 Sulpicius
528 3127 579 3189 ap.
604 3107 666 3171 Cic.
690 3108 767 3170 fem.
790 3107 820 3183 4,
843 3107 873 3182 5,
896 3106 918 3168 4
940 3105 1028 3169 hem!
1059 3126 1118 3169 nos
1140 3105 1272 3170 homun-

128 3204 191 3269 culi
213 3206 434 3285 r'adiynamur,
459 3204 486 3268 si
509 3208 579 3289 quis
602 3212 746 3271 nostrum
770 3205 907 3270 interiit!
938 3205 980 3269 So
1004 3206 1047 3268 im
1071 3204 1198 3270 Grieeh.
1221 3208 1270 3272 bei

128 3304 318 3388 ἀγανακτῶ,
343 3301 500 3389 ἄχθομαι,
524 3311 677 3388 χαλεπῶς
699 3309 802 3391 φέρω.
849 3307 954 3372 Cnrt.
979 3307 1008 3384 6,
1031 3308 1061 3385 5,
1088 3310 1122 3370 11
1148 3310 1272 3373 1011111-

53 3453 56 3456 ·
131 3409 293 3491 dignatus,
317 3409 344 3472 si
367 3431 432 3472 una
453 3429 535 3493 gens
557 3414 667 3492 posset
689 3410 815 3474 efficere
838 3432 878 3473 ne
902 3409 1039 3472 invictus
1062 3414 1153 3472 esset.
1188 3409 1272 3476 Tae.

134 3509 163 3571 lr.
191 3509 274 3585 1,16
296 3531 337 3573 ne
359 3514 467 3574 tamen
489 3513 617 3576 territus
638 3512 746 3589 fueris,
770 3512 796 3575 si
819 3511 898 3574 duee
922 3510 1065 3595 legiones
1081 3513 1273 3578 —nondum

133 3610 310 3692 quiescunt.
355 3633 428 3676 ann.
454 3614 480 3689 1,
506 3613 540 3675 ll
567 3614 785 3695 quibusunus
807 3618 912 3687 metue,
936 3615 962 3676 si
985 3612 1166 3696 intelligere
1188 3615 1272 3679 ride-

133 3716 253 3775 rentur.
301 3712 347 3787 16,
370 3715 391 3777 5
413 3715 532 3797 quippe
554 3714 682 3797 gravior
703 3715 808 3778 inerat
828 3717 941 3791 metus,
965 3715 991 3777 si
1015 3716 1196 3798 spectaculo
1220 3718 1273 3783 de-

133 3813 279 3877 fuissent.
316 3813 355 3877 In
371 3815 478 3879 diesen
502 3815 614 3879 beiden
632 3815 754 3880 Stellen
767 3815 840 3880 sind
852 3813 966 3899 jedoch
983 3816 1033 3878 die
1050 3814 1272 3905 Bedingungs-

133 3920 221 3980 stilae
252 3914 432 4000 regelrecht
467 3916 533 3981 und
570 3917 765 3982 bezeichnen
801 3940 864 3981 nur
899 3918 970 3981 eine
1002 3916 1271 4008 Voranssetzung.

135 4017 259 4082 Anders
288 4019 403 4082 wieder
432 4019 483 4083 bei
506 4019 642 4083 lustin
668 4022 717 4103 18,
741 4021 771 4103 6,
793 4021 815 4083 4
836 4023 913 4084 tune
936 4041 955 4082 a
976 4020 1089 4103 regina
1116 4025 1271 4104 castiputi,

133 4120 159 4182 si
178 4122 272 4203 (statt
287 4119 386 4203 quod)
402 4142 460 4204 pro
476 4121 578 4185 salute
599 4122 722 4205 patriae
744 4122 936 4204 asperiorem
959 4121 1059 4184 vitum
1080 4129 1273 4190 recusarent.

219 4225 249 4303 c)
273 4221 522 4288 Nachlrlassiseh
546 4223 588 4287 ist
608 4225 688 4288 sutis
709 4243 771 4288 csse
793 4224 869 4287 oder
890 4223 1012 4312 11111010,
1035 4225 1065 4287 si
1086 4223 1171 4287 nach
1186 4228 1274 4291 Anu-

136 4322 218 4406 logie
246 4323 301 4387 des
322 4324 442 4408 griech.
467 4321 600 4406 ἀγαπᾶν
623 4327 654 4389 εἰ
674 4324 764 4407 „sich
797 4325 990 4409 101111ἱὶ31111ιι
1013 4325 1064 4387 bei
1087 4323 1197 4409 Lysias
1223 4331 1273 4413 12,

138 4426 186 4485 11.
232 4424 297 4488 1)οτ
311 4424 392 4490 Sinn
413 4427 467 4490 des
484 4425 701 4491 Nebensatzes
723 4427 766 4491 ist
788 4426 857 4490 hier
880 4426 957 4491 aber
978 4427 1046 4490 rein
1064 4427 1272 4516 conditional,
