<?xml version="1.0" encoding="UTF-8"?>
<!DOCTYPE html PUBLIC "-//W3C//DTD XHTML 1.0 Transitional//EN"
    "http://www.w3.org/TR/xhtml1/DTD/xhtml1-transitional.dtd">
<html xmlns="http://www.w3.org/1999/xhtml" xml:lang="en" lang="en">
 <head>
  <title>
</title>
<meta http-equiv="Content-Type" content="text/html;charset=utf-8" />
  <meta name='ocr-system' content='tesseract 3.04.00' />
  <meta name='ocr-capabilities' content='ocr_page ocr_carea ocr_par ocr_line ocrx_word'/>
</head>
<body>
  <div class='ocr_page' id='page_1' title='image "./historischesynt02draegoog/historischesynt02draegoog_0057.png"; bbox 0 0 2926 5062; ppageno 0'>
   <div class='ocr_carea' id='block_1_1' title="bbox 552 341 763 405">
    <p class='ocr_par' dir='ltr' id='par_1_1' title="bbox 552 341 763 405">
     <span class='ocr_line' id='line_1_1' title="bbox 552 341 763 405; baseline -0.005 -16"><span class='ocrx_word' id='word_1_1' title='bbox 552 341 763 405; x_wconf 72' lang='lat'><strong>„27-</strong></span> 
     </span>
    </p>
   </div>
   <div class='ocr_carea' id='block_1_2' title="bbox 77 492 1234 985">
    <p class='ocr_par' dir='ltr' id='par_1_2' title="bbox 77 492 1234 985">
     <span class='ocr_line' id='line_1_2' title="bbox 77 492 1234 578; baseline 0 -20"><span class='ocrx_word' id='word_1_2' title='bbox 77 494 220 558; x_wconf 79' lang='lat' dir='ltr'><strong>laevum.</strong></span> <span class='ocrx_word' id='word_1_3' title='bbox 269 496 321 574; x_wconf 93' lang='lat'><strong>11,</strong></span> <span class='ocrx_word' id='word_1_4' title='bbox 347 494 410 558; x_wconf 94' lang='grc'><strong>296</strong></span> <span class='ocrx_word' id='word_1_5' title='bbox 434 494 484 557; x_wconf 81' lang='lat' dir='ltr'><strong>vix</strong></span> <span class='ocrx_word' id='word_1_6' title='bbox 507 515 546 558; x_wconf 88' lang='lat' dir='ltr'><strong>ea</strong></span> <span class='ocrx_word' id='word_1_7' title='bbox 568 493 683 578; x_wconf 80' lang='lat' dir='ltr'><strong>legati,</strong></span> <span class='ocrx_word' id='word_1_8' title='bbox 714 492 882 577; x_wconf 88' lang='lat' dir='ltr'><strong>variusque</strong></span> <span class='ocrx_word' id='word_1_9' title='bbox 911 515 968 577; x_wconf 89' lang='lat' dir='ltr'><strong>per</strong></span> <span class='ocrx_word' id='word_1_10' title='bbox 997 515 1070 558; x_wconf 89' lang='lat' dir='ltr'><strong>ossa</strong></span> <span class='ocrx_word' id='word_1_11' title='bbox 1092 493 1234 558; x_wconf 79' lang='lat' dir='ltr'><strong>cucurrit</strong></span> 
     </span>
     <span class='ocr_line' id='line_1_3' title="bbox 79 595 1234 679; baseline -0.002 -18"><span class='ocrx_word' id='word_1_12' title='bbox 79 602 140 661; x_wconf 85' lang='lat' dir='ltr'><strong>ctt.</strong></span> <span class='ocrx_word' id='word_1_13' title='bbox 181 596 231 676; x_wconf 98' lang='grc'><strong>12,</strong></span> <span class='ocrx_word' id='word_1_14' title='bbox 255 595 293 659; x_wconf 92' lang='grc'><strong>81</strong></span> <span class='ocrx_word' id='word_1_15' title='bbox 313 595 394 659; x_wconf 83' lang='lat' dir='ltr'><strong>haec</strong></span> <span class='ocrx_word' id='word_1_16' title='bbox 416 596 470 659; x_wconf 91' lang='lat' dir='ltr'><strong>ubi</strong></span> <span class='ocrx_word' id='word_1_17' title='bbox 494 595 580 660; x_wconf 82' lang='lat' dir='ltr'><strong>dicta</strong></span> <span class='ocrx_word' id='word_1_18' title='bbox 601 597 698 679; x_wconf 83' lang='lat' dir='ltr'><strong>dedit,</strong></span> <span class='ocrx_word' id='word_1_19' title='bbox 721 595 914 679; x_wconf 85' lang='lat' dir='ltr'><strong>rapidusque</strong></span> <span class='ocrx_word' id='word_1_20' title='bbox 936 596 970 659; x_wconf 94' lang='lat' dir='ltr'><strong>in</strong></span> <span class='ocrx_word' id='word_1_21' title='bbox 993 599 1080 659; x_wconf 87' lang='lat' dir='ltr'><strong>tecta</strong></span> <span class='ocrx_word' id='word_1_22' title='bbox 1101 596 1234 659; x_wconf 75' lang='lat' dir='ltr'>recessit</span> 
     </span>
     <span class='ocr_line' id='line_1_4' title="bbox 78 695 1233 781; baseline -0.001 -21"><span class='ocrx_word' id='word_1_23' title='bbox 78 698 255 781; x_wconf 85' lang='lat' dir='ltr'><strong>(Wagner,</strong></span> <span class='ocrx_word' id='word_1_24' title='bbox 281 696 434 762; x_wconf 69' lang='lat' dir='ltr'><strong>whhrend</strong></span> <span class='ocrx_word' id='word_1_25' title='bbox 458 719 519 761; x_wconf 89' lang='lat' dir='ltr'><strong>von</strong></span> <span class='ocrx_word' id='word_1_26' title='bbox 545 698 684 762; x_wconf 81' lang='lat' dir='ltr'><strong>anderen</strong></span> <span class='ocrx_word' id='word_1_27' title='bbox 702 721 729 762; x_wconf 88' lang='lat' dir='ltr'><strong>v.</strong></span> <span class='ocrx_word' id='word_1_28' title='bbox 746 697 788 761; x_wconf 90' lang='grc'><strong>82</strong></span> <span class='ocrx_word' id='word_1_29' title='bbox 805 697 852 760; x_wconf 90' lang='lat' dir='ltr'><strong>als</strong></span> <span class='ocrx_word' id='word_1_30' title='bbox 867 695 1030 760; x_wconf 83' lang='lat' dir='ltr'><strong>Nuchsatz</strong></span> <span class='ocrx_word' id='word_1_31' title='bbox 1051 695 1233 760; x_wconf 87' lang='lat' dir='ltr'><strong>betrachtet</strong></span> 
     </span>
     <span class='ocr_line' id='line_1_5' title="bbox 78 797 1233 883; baseline -0.002 -21"><span class='ocrx_word' id='word_1_32' title='bbox 78 800 188 881; x_wconf 78' lang='lat' dir='ltr'><strong>wird).</strong></span> <span class='ocrx_word' id='word_1_33' title='bbox 234 798 282 863; x_wconf 85' lang='lat' dir='ltr'><strong>Zu</strong></span> <span class='ocrx_word' id='word_1_34' title='bbox 307 799 507 883; x_wconf 87' lang='lat' dir='ltr'><strong>vergleichen</strong></span> <span class='ocrx_word' id='word_1_35' title='bbox 532 803 614 864; x_wconf 77' lang='grc'><strong>11111</strong></span> <span class='ocrx_word' id='word_1_36' title='bbox 636 801 705 864; x_wconf 90' lang='lat' dir='ltr'><strong>hier</strong></span> <span class='ocrx_word' id='word_1_37' title='bbox 727 801 784 863; x_wconf 87' lang='lat' dir='ltr'><strong>das</strong></span> <span class='ocrx_word' id='word_1_38' title='bbox 807 804 901 881; x_wconf 84' lang='lat' dir='ltr'><strong>atquc</strong></span> <span class='ocrx_word' id='word_1_39' title='bbox 923 799 978 862; x_wconf 88' lang='lat' dir='ltr'><strong>des</strong></span> <span class='ocrx_word' id='word_1_40' title='bbox 995 797 1128 863; x_wconf 87' lang='lat' dir='ltr'><strong>Plautus</strong></span> <span class='ocrx_word' id='word_1_41' title='bbox 1150 797 1233 862; x_wconf 84' lang='lat' dir='ltr'><strong>nach</strong></span> 
     </span>
     <span class='ocr_line' id='line_1_6' title="bbox 80 900 954 985; baseline 0.001 -21"><span class='ocrx_word' id='word_1_42' title='bbox 80 901 385 985; x_wconf 81' lang='lat' dir='ltr'><strong>voraufgehendem</strong></span> <span class='ocrx_word' id='word_1_43' title='bbox 407 900 682 985; x_wconf 82' lang='lat' dir='ltr'><strong>Temporalsatze3</strong></span> <span class='ocrx_word' id='word_1_44' title='bbox 705 923 731 969; x_wconf 89' lang='lat' dir='ltr'><strong>s.</strong></span> <span class='ocrx_word' id='word_1_45' title='bbox 754 905 783 982; x_wconf 66' lang='grc' dir='ltr'><strong>ξ,</strong></span> <span class='ocrx_word' id='word_1_46' title='bbox 807 902 880 983; x_wconf 88' lang='grc'><strong>315,</strong></span> <span class='ocrx_word' id='word_1_47' title='bbox 906 902 954 965; x_wconf 90' lang='grc'><strong>15.</strong></span> 
     </span>
    </p>
   </div>
   <div class='ocr_carea' id='block_1_3' title="bbox 168 1019 1233 1104">
    <p class='ocr_par' dir='ltr' id='par_1_3' title="bbox 168 1019 1233 1104">
     <span class='ocr_line' id='line_1_7' title="bbox 168 1019 1233 1104; baseline -0.001 -20"><span class='ocrx_word' id='word_1_48' title='bbox 168 1021 252 1084; x_wconf 78' lang='lat' dir='ltr'><strong>Lis.</strong></span> <span class='ocrx_word' id='word_1_49' title='bbox 288 1020 344 1102; x_wconf 84' lang='lat'><strong>43,</strong></span> <span class='ocrx_word' id='word_1_50' title='bbox 377 1021 413 1103; x_wconf 93' lang='grc'><strong>4,</strong></span> <span class='ocrx_word' id='word_1_51' title='bbox 450 1020 490 1083; x_wconf 93' lang='grc'><strong>10</strong></span> <span class='ocrx_word' id='word_1_52' title='bbox 513 1019 640 1083; x_wconf 83' lang='lat' dir='ltr'><strong>vixdum</strong></span> <span class='ocrx_word' id='word_1_53' title='bbox 670 1021 709 1084; x_wconf 86' lang='lat' dir='ltr'><strong>ad</strong></span> <span class='ocrx_word' id='word_1_54' title='bbox 732 1020 897 1084; x_wconf 88' lang='lat' dir='ltr'><strong>consulem</strong></span> <span class='ocrx_word' id='word_1_55' title='bbox 919 1041 953 1083; x_wconf 88' lang='lat' dir='ltr'><strong>ae</strong></span> <span class='ocrx_word' id='word_1_56' title='bbox 975 1022 1176 1104; x_wconf 84' lang='lat' dir='ltr'><strong>pervenisse,</strong></span> <span class='ocrx_word' id='word_1_57' title='bbox 1200 1024 1233 1083; x_wconf 88' lang='lat' dir='ltr'><strong>et</strong></span> 
     </span>
    </p>
   </div>
   <div class='ocr_carea' id='block_1_4' title="bbox 78 1120 1234 1288">
    <p class='ocr_par' dir='ltr' id='par_1_4' title="bbox 78 1120 1234 1288">
     <span class='ocr_line' id='line_1_8' title="bbox 78 1120 1234 1216; baseline -0.001 -30"><span class='ocrx_word' id='word_1_58' title='bbox 78 1123 210 1186; x_wconf 85' lang='lat' dir='ltr'><strong>audisse</strong></span> <span class='ocrx_word' id='word_1_59' title='bbox 240 1122 396 1216; x_wconf 88' lang='lat' dir='ltr'><strong>oppidum</strong></span> <span class='ocrx_word' id='word_1_60' title='bbox 430 1127 659 1207; x_wconf 80' lang='lat' dir='ltr'><strong>expugnatum.</strong></span> <span class='ocrx_word' id='word_1_61' title='bbox 705 1122 817 1187; x_wconf 85' lang='lat' dir='ltr'><strong>Oefter</strong></span> <span class='ocrx_word' id='word_1_62' title='bbox 849 1120 950 1186; x_wconf 90' lang='lat' dir='ltr'><strong>nicht.</strong></span> <span class='ocrx_word' id='word_1_63' title='bbox 996 1121 1070 1206; x_wconf 84' lang='lat' dir='ltr'><strong>Vgl.</strong></span> <span class='ocrx_word' id='word_1_64' title='bbox 1094 1121 1234 1186; x_wconf 90' lang='lat' dir='ltr'><strong>daselbst</strong></span> 
     </span>
     <span class='ocr_line' id='line_1_9' title="bbox 78 1224 265 1288; baseline -0.011 0"><span class='ocrx_word' id='word_1_65' title='bbox 78 1224 125 1287; x_wconf 89' lang='lat' dir='ltr'>W</span> <span class='ocrx_word' id='word_1_66' title='bbox 128 1224 265 1288; x_wconf 90' lang='lat' dir='ltr'><strong>eissenb.</strong></span> 
     </span>
    </p>
   </div>
   <div class='ocr_carea' id='block_1_5' title="bbox 172 1341 1008 1428">
    <p class='ocr_par' dir='ltr' id='par_1_5' title="bbox 172 1341 1008 1428">
     <span class='ocr_line' id='line_1_10' title="bbox 172 1341 1008 1428; baseline 0 -21"><span class='ocrx_word' id='word_1_67' title='bbox 172 1341 279 1407; x_wconf 85' lang='lat' dir='ltr'><strong>Ourt.</strong></span> <span class='ocrx_word' id='word_1_68' title='bbox 302 1344 335 1426; x_wconf 87' lang='lat'><strong>4,</strong></span> <span class='ocrx_word' id='word_1_69' title='bbox 359 1344 407 1420; x_wconf 87' lang='grc'><strong>12,</strong></span> <span class='ocrx_word' id='word_1_70' title='bbox 430 1345 471 1407; x_wconf 85' lang='grc'><strong>23</strong></span> <span class='ocrx_word' id='word_1_71' title='bbox 494 1344 619 1428; x_wconf 89' lang='lat' dir='ltr'><strong>iamque</strong></span> <span class='ocrx_word' id='word_1_72' title='bbox 642 1347 746 1407; x_wconf 79' lang='grc'><strong>-11</strong></span> <span class='ocrx_word' id='word_1_73' title='bbox 791 1343 888 1408; x_wconf 88' lang='lat' dir='ltr'><strong>Sonst</strong></span> <span class='ocrx_word' id='word_1_74' title='bbox 909 1342 1008 1407; x_wconf 91' lang='lat' dir='ltr'><strong>nicht.</strong></span> 
     </span>
    </p>
   </div>
   <div class='ocr_carea' id='block_1_6' title="bbox 86 1460 1234 1631">
    <p class='ocr_par' dir='ltr' id='par_1_6' title="bbox 86 1460 1234 1631">
     <span class='ocr_line' id='line_1_11' title="bbox 172 1460 1234 1546; baseline -0.001 -21"><span class='ocrx_word' id='word_1_75' title='bbox 172 1463 310 1525; x_wconf 83' lang='lat' dir='ltr'><strong>Lucan</strong></span> <span class='ocrx_word' id='word_1_76' title='bbox 333 1463 361 1545; x_wconf 91' lang='grc'><strong>6,</strong></span> <span class='ocrx_word' id='word_1_77' title='bbox 385 1462 447 1526; x_wconf 89' lang='grc'><strong>246</strong></span> <span class='ocrx_word' id='word_1_78' title='bbox 470 1463 564 1527; x_wconf 86' lang='lat' dir='ltr'><strong>simul</strong></span> <span class='ocrx_word' id='word_1_79' title='bbox 588 1461 668 1527; x_wconf 86' lang='lat' dir='ltr'><strong>haec</strong></span> <span class='ocrx_word' id='word_1_80' title='bbox 685 1464 808 1543; x_wconf 73' lang='lat' dir='ltr'><strong>ellatur,</strong></span> <span class='ocrx_word' id='word_1_81' title='bbox 832 1466 865 1545; x_wconf 91' lang='lat' dir='ltr'><strong>et</strong></span> <span class='ocrx_word' id='word_1_82' title='bbox 880 1461 964 1526; x_wconf 85' lang='lat' dir='ltr'><strong>altus</strong></span> <span class='ocrx_word' id='word_1_83' title='bbox 980 1463 1150 1528; x_wconf 75' lang='lat' dir='ltr'><strong>Caesareas</strong></span> <span class='ocrx_word' id='word_1_84' title='bbox 1166 1460 1234 1546; x_wconf 91' lang='lat' dir='ltr'><strong>pul-</strong></span> 
     </span>
     <span class='ocr_line' id='line_1_12' title="bbox 86 1564 944 1631; baseline -0.001 -1"><span class='ocrx_word' id='word_1_85' title='bbox 86 1567 135 1630; x_wconf 83' lang='lat' dir='ltr'><strong>sis</strong></span> <span class='ocrx_word' id='word_1_86' title='bbox 157 1569 297 1630; x_wconf 86' lang='lat' dir='ltr'><strong>testatur</strong></span> <span class='ocrx_word' id='word_1_87' title='bbox 319 1566 429 1629; x_wconf 83' lang='lat' dir='ltr'><strong>adesse</strong></span> <span class='ocrx_word' id='word_1_88' title='bbox 452 1566 606 1631; x_wconf 79' lang='lat' dir='ltr'><strong>cohortes.</strong></span> <span class='ocrx_word' id='word_1_89' title='bbox 653 1564 683 1630; x_wconf 81' lang='lat' dir='ltr'><strong>S.</strong></span> <span class='ocrx_word' id='word_1_90' title='bbox 709 1566 790 1628; x_wconf 90' lang='lat' dir='ltr'><strong>oben</strong></span> <span class='ocrx_word' id='word_1_91' title='bbox 815 1564 944 1629; x_wconf 80' lang='lat' dir='ltr'><strong>Sallust.</strong></span> 
     </span>
    </p>
   </div>
   <div class='ocr_carea' id='block_1_7' title="bbox 86 1682 1235 2785">
    <p class='ocr_par' dir='ltr' id='par_1_7' title="bbox 86 1682 1235 2174">
     <span class='ocr_line' id='line_1_13' title="bbox 155 1682 1231 1765; baseline -0.004 -16"><span class='ocrx_word' id='word_1_92' title='bbox 155 1682 336 1749; x_wconf 79' lang='lat' dir='ltr'><strong>&#39;Tacitus</strong></span> <span class='ocrx_word' id='word_1_93' title='bbox 358 1684 389 1748; x_wconf 97' lang='lat' dir='ltr'><strong>h.</strong></span> <span class='ocrx_word' id='word_1_94' title='bbox 412 1686 444 1765; x_wconf 90' lang='grc'><strong>2,</strong></span> <span class='ocrx_word' id='word_1_95' title='bbox 468 1687 509 1749; x_wconf 85' lang='grc'><strong>68</strong></span> <span class='ocrx_word' id='word_1_96' title='bbox 532 1686 662 1749; x_wconf 88' lang='lat' dir='ltr'><strong>interim</strong></span> <span class='ocrx_word' id='word_1_97' title='bbox 685 1724 724 1733; x_wconf 88' lang='lat'>-</span> <span class='ocrx_word' id='word_1_98' title='bbox 748 1684 967 1759; x_wconf 84' lang='lat' dir='ltr'><strong>insimulatur,</strong></span> <span class='ocrx_word' id='word_1_99' title='bbox 1003 1688 1035 1745; x_wconf 89' lang='lat' dir='ltr'><strong>et</strong></span> <span class='ocrx_word' id='word_1_100' title='bbox 1057 1683 1171 1747; x_wconf 88' lang='lat' dir='ltr'><strong>ruebat</strong></span> <span class='ocrx_word' id='word_1_101' title='bbox 1193 1682 1231 1745; x_wconf 85' lang='lat' dir='ltr'><strong>ad</strong></span> 
     </span>
     <span class='ocr_line' id='line_1_14' title="bbox 86 1784 1235 1870; baseline -0.005 -19"><span class='ocrx_word' id='word_1_102' title='bbox 86 1787 270 1851; x_wconf 83' lang='lat' dir='ltr'><strong>convivium</strong></span> <span class='ocrx_word' id='word_1_103' title='bbox 293 1786 395 1850; x_wconf 89' lang='lat' dir='ltr'><strong>miles.</strong></span> <span class='ocrx_word' id='word_1_104' title='bbox 440 1787 482 1851; x_wconf 91' lang='grc'><strong>95</strong></span> <span class='ocrx_word' id='word_1_105' title='bbox 509 1787 650 1850; x_wconf 91' lang='lat' dir='ltr'><strong>nondum</strong></span> <span class='ocrx_word' id='word_1_106' title='bbox 678 1791 809 1870; x_wconf 87' lang='lat' dir='ltr'><strong>quartus</strong></span> <span class='ocrx_word' id='word_1_107' title='bbox 830 1809 850 1850; x_wconf 89' lang='lat' dir='ltr'><strong>a</strong></span> <span class='ocrx_word' id='word_1_108' title='bbox 873 1785 1008 1849; x_wconf 82' lang='lat' dir='ltr'><strong>victoria</strong></span> <span class='ocrx_word' id='word_1_109' title='bbox 1038 1784 1172 1864; x_wconf 83' lang='lat' dir='ltr'><strong>mensis,</strong></span> <span class='ocrx_word' id='word_1_110' title='bbox 1202 1789 1235 1846; x_wconf 93' lang='lat' dir='ltr'><strong>et</strong></span> 
     </span>
     <span class='ocr_line' id='line_1_15' title="bbox 93 1885 1234 1971; baseline -0.004 -19"><span class='ocrx_word' id='word_1_111' title='bbox 93 1890 226 1953; x_wconf 84' lang='lat' dir='ltr'><strong>libertus</strong></span> <span class='ocrx_word' id='word_1_112' title='bbox 250 1927 290 1937; x_wconf 92' lang='lat'>-</span> <span class='ocrx_word' id='word_1_113' title='bbox 315 1889 480 1971; x_wconf 68' lang='lat' dir='ltr'><strong>aemrnhat.</strong></span> <span class='ocrx_word' id='word_1_114' title='bbox 525 1910 599 1952; x_wconf 88' lang='lat' dir='ltr'><strong>ann.</strong></span> <span class='ocrx_word' id='word_1_115' title='bbox 626 1891 653 1966; x_wconf 85' lang='lat'><strong>1,</strong></span> <span class='ocrx_word' id='word_1_116' title='bbox 676 1890 718 1952; x_wconf 88' lang='grc'><strong>65</strong></span> <span class='ocrx_word' id='word_1_117' title='bbox 740 1889 834 1952; x_wconf 89' lang='lat' dir='ltr'><strong>simul</strong></span> <span class='ocrx_word' id='word_1_118' title='bbox 856 1888 945 1970; x_wconf 90' lang='lat' dir='ltr'><strong>hacc,</strong></span> <span class='ocrx_word' id='word_1_119' title='bbox 968 1890 1087 1950; x_wconf 89' lang='lat' dir='ltr'><strong>etcum</strong></span> <span class='ocrx_word' id='word_1_120' title='bbox 1104 1885 1234 1949; x_wconf 86' lang='lat' dir='ltr'><strong>delectis</strong></span> 
     </span>
     <span class='ocr_line' id='line_1_16' title="bbox 88 1986 1233 2074; baseline -0.002 -22"><span class='ocrx_word' id='word_1_121' title='bbox 88 1991 207 2055; x_wconf 86' lang='lat' dir='ltr'><strong>scindit</strong></span> <span class='ocrx_word' id='word_1_122' title='bbox 229 2010 358 2074; x_wconf 82' lang='lat' dir='ltr'><strong>agmen.</strong></span> <span class='ocrx_word' id='word_1_123' title='bbox 402 1990 433 2072; x_wconf 96' lang='grc'><strong>4,</strong></span> <span class='ocrx_word' id='word_1_124' title='bbox 454 1990 496 2054; x_wconf 89' lang='grc'><strong>25</strong></span> <span class='ocrx_word' id='word_1_125' title='bbox 519 1988 677 2074; x_wconf 88' lang='lat' dir='ltr'><strong>simulque</strong></span> <span class='ocrx_word' id='word_1_126' title='bbox 701 1994 831 2072; x_wconf 88' lang='lat' dir='ltr'><strong>coeptus</strong></span> <span class='ocrx_word' id='word_1_127' title='bbox 860 1989 942 2068; x_wconf 88' lang='lat' dir='ltr'><strong>dies,</strong></span> <span class='ocrx_word' id='word_1_128' title='bbox 972 1991 1065 2051; x_wconf 92' lang='lat' dir='ltr'><strong>et-</strong></span> <span class='ocrx_word' id='word_1_129' title='bbox 1089 1986 1233 2052; x_wconf 84' lang='lat' dir='ltr'><strong>aderant.</strong></span> 
     </span>
     <span class='ocr_line' id='line_1_17' title="bbox 88 2091 845 2174; baseline -0.003 -18"><span class='ocrx_word' id='word_1_130' title='bbox 88 2097 117 2172; x_wconf 94' lang='grc'><strong>4,</strong></span> <span class='ocrx_word' id='word_1_131' title='bbox 140 2093 181 2157; x_wconf 90' lang='grc'><strong>23</strong></span> <span class='ocrx_word' id='word_1_132' title='bbox 205 2093 270 2156; x_wconf 90' lang='lat' dir='ltr'><strong>iam</strong></span> <span class='ocrx_word' id='word_1_133' title='bbox 295 2129 333 2137; x_wconf 95' lang='lat'>—</span> <span class='ocrx_word' id='word_1_134' title='bbox 358 2094 398 2155; x_wconf 92' lang='grc'><strong>11.</strong></span> <span class='ocrx_word' id='word_1_135' title='bbox 446 2093 495 2174; x_wconf 88' lang='grc'><strong>15,</strong></span> <span class='ocrx_word' id='word_1_136' title='bbox 518 2092 560 2155; x_wconf 88' lang='grc'><strong>40</strong></span> <span class='ocrx_word' id='word_1_137' title='bbox 582 2091 717 2156; x_wconf 89' lang='lat' dir='ltr'><strong>necdum</strong></span> <span class='ocrx_word' id='word_1_138' title='bbox 740 2095 845 2155; x_wconf 88' lang='grc'><strong>-11,</strong></span> 
     </span>
    </p>

    <p class='ocr_par' dir='ltr' id='par_1_8' title="bbox 88 2209 1233 2785">
     <span class='ocr_line' id='line_1_18' title="bbox 173 2209 1233 2303; baseline 0 -29"><span class='ocrx_word' id='word_1_139' title='bbox 173 2210 278 2274; x_wconf 93' lang='lat' dir='ltr'><strong>Plin.</strong></span> <span class='ocrx_word' id='word_1_140' title='bbox 309 2232 358 2293; x_wconf 92' lang='lat' dir='ltr'><strong>ep.</strong></span> <span class='ocrx_word' id='word_1_141' title='bbox 382 2212 414 2290; x_wconf 91' lang='grc'><strong>5,</strong></span> <span class='ocrx_word' id='word_1_142' title='bbox 441 2212 479 2273; x_wconf 84' lang='grc'><strong>14</strong></span> <span class='ocrx_word' id='word_1_143' title='bbox 501 2210 558 2293; x_wconf 83' lang='grc'><strong>(13</strong></span> <span class='ocrx_word' id='word_1_144' title='bbox 581 2211 667 2295; x_wconf 83' lang='lat' dir='ltr'><strong>Keil)</strong></span> <span class='ocrx_word' id='word_1_145' title='bbox 690 2212 710 2275; x_wconf 88' lang='lat'>8</span> <span class='ocrx_word' id='word_1_146' title='bbox 733 2209 826 2294; x_wconf 91' lang='lat' dir='ltr'><strong>pauci</strong></span> <span class='ocrx_word' id='word_1_147' title='bbox 854 2210 938 2303; x_wconf 74' lang='lat' dir='ltr'><strong>dies,</strong></span> <span class='ocrx_word' id='word_1_148' title='bbox 969 2214 1002 2274; x_wconf 88' lang='lat' dir='ltr'><strong>et</strong></span> <span class='ocrx_word' id='word_1_149' title='bbox 1034 2209 1115 2274; x_wconf 90' lang='lat' dir='ltr'><strong>liber</strong></span> <span class='ocrx_word' id='word_1_150' title='bbox 1147 2209 1233 2293; x_wconf 89' lang='lat' dir='ltr'><strong>prin·</strong></span> 
     </span>
     <span class='ocr_line' id='line_1_19' title="bbox 89 2308 1233 2397; baseline -0.003 -20"><span class='ocrx_word' id='word_1_151' title='bbox 89 2315 176 2397; x_wconf 90' lang='lat' dir='ltr'><strong>cipis.</strong></span> <span class='ocrx_word' id='word_1_152' title='bbox 215 2314 247 2393; x_wconf 90' lang='grc'><strong>6,</strong></span> <span class='ocrx_word' id='word_1_153' title='bbox 271 2313 323 2394; x_wconf 91' lang='grc'><strong>20,</strong></span> <span class='ocrx_word' id='word_1_154' title='bbox 346 2315 366 2375; x_wconf 90' lang='grc'><strong>6</strong></span> <span class='ocrx_word' id='word_1_155' title='bbox 389 2312 452 2375; x_wconf 91' lang='lat' dir='ltr'><strong>iam</strong></span> <span class='ocrx_word' id='word_1_156' title='bbox 475 2311 554 2376; x_wconf 88' lang='lat' dir='ltr'><strong>hora</strong></span> <span class='ocrx_word' id='word_1_157' title='bbox 576 2312 639 2377; x_wconf 92' lang='lat' dir='ltr'><strong>diei</strong></span> <span class='ocrx_word' id='word_1_158' title='bbox 660 2308 774 2397; x_wconf 74' lang='lat' dir='ltr'><strong>primi,</strong></span> <span class='ocrx_word' id='word_1_159' title='bbox 799 2315 831 2376; x_wconf 89' lang='grc'><strong>11</strong></span> <span class='ocrx_word' id='word_1_160' title='bbox 845 2311 948 2376; x_wconf 88' lang='lat' dir='ltr'><strong>adhuc</strong></span> <span class='ocrx_word' id='word_1_161' title='bbox 964 2312 1079 2376; x_wconf 80' lang='lat' dir='ltr'><strong>dubius</strong></span> <span class='ocrx_word' id='word_1_162' title='bbox 1095 2315 1128 2374; x_wconf 87' lang='grc'><strong>11</strong></span> <span class='ocrx_word' id='word_1_163' title='bbox 1142 2311 1233 2394; x_wconf 84' lang='lat' dir='ltr'><strong>quasi</strong></span> 
     </span>
     <span class='ocr_line' id='line_1_20' title="bbox 88 2413 1228 2500; baseline 0.001 -22"><span class='ocrx_word' id='word_1_164' title='bbox 88 2415 257 2500; x_wconf 82' lang='lat' dir='ltr'><strong>languidus</strong></span> <span class='ocrx_word' id='word_1_165' title='bbox 280 2413 358 2478; x_wconf 89' lang='lat' dir='ltr'><strong>dies.</strong></span> <span class='ocrx_word' id='word_1_166' title='bbox 403 2418 433 2494; x_wconf 67' lang='lat'><strong>§-</strong></span> <span class='ocrx_word' id='word_1_167' title='bbox 461 2415 499 2477; x_wconf 88' lang='grc'><strong>14</strong></span> <span class='ocrx_word' id='word_1_168' title='bbox 523 2414 574 2478; x_wconf 86' lang='lat' dir='ltr'><strong>vix</strong></span> <span class='ocrx_word' id='word_1_169' title='bbox 598 2415 843 2490; x_wconf 88' lang='lat' dir='ltr'><strong>consideramus,</strong></span> <span class='ocrx_word' id='word_1_170' title='bbox 866 2419 976 2478; x_wconf 85' lang='lat' dir='ltr'><strong>etnox</strong></span> <span class='ocrx_word' id='word_1_171' title='bbox 992 2417 1050 2478; x_wconf 93' lang='lat' dir='ltr'><strong>ctt.</strong></span> <span class='ocrx_word' id='word_1_172' title='bbox 1084 2414 1228 2495; x_wconf 80' lang='grc'><strong>4,17,6.</strong></span> 
     </span>
     <span class='ocr_line' id='line_1_21' title="bbox 88 2514 1232 2601; baseline -0.003 -20"><span class='ocrx_word' id='word_1_173' title='bbox 88 2520 116 2594; x_wconf 90' lang='grc'><strong>5,</strong></span> <span class='ocrx_word' id='word_1_174' title='bbox 141 2518 188 2600; x_wconf 92' lang='grc'><strong>16,</strong></span> <span class='ocrx_word' id='word_1_175' title='bbox 211 2517 242 2581; x_wconf 94' lang='grc'><strong>2.</strong></span> <span class='ocrx_word' id='word_1_176' title='bbox 287 2516 339 2598; x_wconf 88' lang='grc'><strong>20,</strong></span> <span class='ocrx_word' id='word_1_177' title='bbox 374 2519 399 2583; x_wconf 92' lang='lat' dir='ltr'><strong>l.</strong></span> <span class='ocrx_word' id='word_1_178' title='bbox 445 2517 472 2596; x_wconf 83' lang='grc'><strong>1,</strong></span> <span class='ocrx_word' id='word_1_179' title='bbox 502 2517 554 2597; x_wconf 87' lang='grc'><strong>33,</strong></span> <span class='ocrx_word' id='word_1_180' title='bbox 586 2517 614 2581; x_wconf 84' lang='grc'><strong>7.</strong></span> <span class='ocrx_word' id='word_1_181' title='bbox 665 2516 783 2601; x_wconf 81' lang='lat' dir='ltr'><strong>Einige</strong></span> <span class='ocrx_word' id='word_1_182' title='bbox 816 2514 1071 2579; x_wconf 89' lang='lat' dir='ltr'><strong>Dichterstellen</strong></span> <span class='ocrx_word' id='word_1_183' title='bbox 1105 2515 1232 2579; x_wconf 89' lang='lat' dir='ltr'><strong>werden</strong></span> 
     </span>
     <span class='ocr_line' id='line_1_22' title="bbox 93 2615 1233 2701; baseline -0.002 -20"><span class='ocrx_word' id='word_1_184' title='bbox 93 2619 173 2683; x_wconf 88' lang='lat' dir='ltr'><strong>noch</strong></span> <span class='ocrx_word' id='word_1_185' title='bbox 196 2641 255 2683; x_wconf 89' lang='lat' dir='ltr'><strong>aus</strong></span> <span class='ocrx_word' id='word_1_186' title='bbox 278 2617 401 2683; x_wconf 77' lang='lat' dir='ltr'><strong>Statius</strong></span> <span class='ocrx_word' id='word_1_187' title='bbox 424 2619 488 2682; x_wconf 90' lang='lat' dir='ltr'><strong>und</strong></span> <span class='ocrx_word' id='word_1_188' title='bbox 512 2617 670 2683; x_wconf 85' lang='lat' dir='ltr'><strong>Claudian</strong></span> <span class='ocrx_word' id='word_1_189' title='bbox 693 2618 796 2701; x_wconf 81' lang='lat' dir='ltr'><strong>citirt3</strong></span> <span class='ocrx_word' id='word_1_190' title='bbox 820 2639 876 2682; x_wconf 90' lang='lat' dir='ltr'><strong>aus</strong></span> <span class='ocrx_word' id='word_1_191' title='bbox 891 2617 948 2681; x_wconf 92' lang='lat' dir='ltr'><strong>der</strong></span> <span class='ocrx_word' id='word_1_192' title='bbox 962 2617 1063 2681; x_wconf 87' lang='lat' dir='ltr'><strong>Prusa</strong></span> <span class='ocrx_word' id='word_1_193' title='bbox 1077 2616 1164 2681; x_wconf 87' lang='lat' dir='ltr'><strong>kann</strong></span> <span class='ocrx_word' id='word_1_194' title='bbox 1181 2615 1233 2679; x_wconf 91' lang='lat' dir='ltr'><strong>ich</strong></span> 
     </span>
     <span class='ocr_line' id='line_1_23' title="bbox 93 2719 457 2785; baseline -0.005 0"><span class='ocrx_word' id='word_1_195' title='bbox 93 2744 153 2785; x_wconf 88' lang='lat' dir='ltr'><strong>nur</strong></span> <span class='ocrx_word' id='word_1_196' title='bbox 175 2721 259 2785; x_wconf 91' lang='lat' dir='ltr'><strong>noch</strong></span> <span class='ocrx_word' id='word_1_197' title='bbox 283 2719 457 2784; x_wconf 79' lang='lat' dir='ltr'><strong>anfllhren:</strong></span> 
     </span>
    </p>
   </div>
   <div class='ocr_carea' id='block_1_8' title="bbox 89 2839 1234 3943">
    <p class='ocr_par' dir='ltr' id='par_1_9' title="bbox 89 2839 1234 3414">
     <span class='ocr_line' id='line_1_24' title="bbox 172 2839 1234 2924; baseline -0.001 -20"><span class='ocrx_word' id='word_1_198' title='bbox 172 2841 289 2924; x_wconf 89' lang='lat' dir='ltr'><strong>Apul.</strong></span> <span class='ocrx_word' id='word_1_199' title='bbox 323 2842 396 2903; x_wconf 89' lang='lat' dir='ltr'><strong>met.</strong></span> <span class='ocrx_word' id='word_1_200' title='bbox 430 2841 469 2922; x_wconf 87' lang='grc'><strong>2,</strong></span> <span class='ocrx_word' id='word_1_201' title='bbox 505 2842 537 2902; x_wconf 93' lang='grc'><strong>11</strong></span> <span class='ocrx_word' id='word_1_202' title='bbox 576 2841 775 2903; x_wconf 87' lang='lat' dir='ltr'><strong>commodum</strong></span> <span class='ocrx_word' id='word_1_203' title='bbox 803 2839 951 2904; x_wconf 86' lang='lat' dir='ltr'><strong>meridies</strong></span> <span class='ocrx_word' id='word_1_204' title='bbox 979 2844 1171 2921; x_wconf 86' lang='lat' dir='ltr'><strong>accesserat,</strong></span> <span class='ocrx_word' id='word_1_205' title='bbox 1201 2844 1234 2903; x_wconf 90' lang='lat' dir='ltr'><strong>et</strong></span> 
     </span>
     <span class='ocr_line' id='line_1_25' title="bbox 90 2941 1228 3023; baseline 0 -18"><span class='ocrx_word' id='word_1_206' title='bbox 90 2943 188 3007; x_wconf 88' lang='lat' dir='ltr'><strong>mittit</strong></span> <span class='ocrx_word' id='word_1_207' title='bbox 211 2941 290 3006; x_wconf 92' lang='lat' dir='ltr'><strong>mihi</strong></span> <span class='ocrx_word' id='word_1_208' title='bbox 315 2946 372 3005; x_wconf 89' lang='grc'><strong>111.</strong></span> <span class='ocrx_word' id='word_1_209' title='bbox 412 2941 450 3005; x_wconf 90' lang='grc'><strong>16</strong></span> <span class='ocrx_word' id='word_1_210' title='bbox 473 2941 672 3005; x_wconf 90' lang='lat' dir='ltr'><strong>commodum</strong></span> <span class='ocrx_word' id='word_1_211' title='bbox 695 2943 875 3023; x_wconf 89' lang='lat' dir='ltr'><strong>cubueram,</strong></span> <span class='ocrx_word' id='word_1_212' title='bbox 898 2948 931 3006; x_wconf 92' lang='lat' dir='ltr'><strong>et</strong></span> <span class='ocrx_word' id='word_1_213' title='bbox 952 2963 1025 3006; x_wconf 88' lang='lat' dir='ltr'><strong>eece</strong></span> <span class='ocrx_word' id='word_1_214' title='bbox 1041 2941 1129 3005; x_wconf 80' lang='lat' dir='ltr'><strong>Fotis</strong></span> <span class='ocrx_word' id='word_1_215' title='bbox 1150 2964 1228 3005; x_wconf 90' lang='lat' dir='ltr'><strong>mea.</strong></span> 
     </span>
     <span class='ocr_line' id='line_1_26' title="bbox 89 3041 1233 3127; baseline 0.001 -21"><span class='ocrx_word' id='word_1_216' title='bbox 89 3046 128 3109; x_wconf 87' lang='grc'><strong>23</strong></span> <span class='ocrx_word' id='word_1_217' title='bbox 149 3045 202 3108; x_wconf 81' lang='lat' dir='ltr'><strong>vix</strong></span> <span class='ocrx_word' id='word_1_218' title='bbox 225 3044 382 3119; x_wconf 89' lang='lat' dir='ltr'><strong>finieram,</strong></span> <span class='ocrx_word' id='word_1_219' title='bbox 406 3046 439 3106; x_wconf 91' lang='lat' dir='ltr'><strong>et</strong></span> <span class='ocrx_word' id='word_1_220' title='bbox 459 3041 547 3107; x_wconf 92' lang='lat' dir='ltr'><strong>illico</strong></span> <span class='ocrx_word' id='word_1_221' title='bbox 568 3064 619 3107; x_wconf 90' lang='lat' dir='ltr'><strong>mc</strong></span> <span class='ocrx_word' id='word_1_222' title='bbox 642 3045 788 3127; x_wconf 81' lang='lat' dir='ltr'><strong>perducit</strong></span> <span class='ocrx_word' id='word_1_223' title='bbox 810 3044 849 3107; x_wconf 91' lang='lat' dir='ltr'><strong>ad</strong></span> <span class='ocrx_word' id='word_1_224' title='bbox 872 3043 1012 3108; x_wconf 88' lang='lat' dir='ltr'><strong>domum.</strong></span> <span class='ocrx_word' id='word_1_225' title='bbox 1049 3046 1081 3124; x_wconf 89' lang='grc'><strong>4,</strong></span> <span class='ocrx_word' id='word_1_226' title='bbox 1104 3045 1123 3109; x_wconf 91' lang='grc'>8</span> <span class='ocrx_word' id='word_1_227' title='bbox 1147 3065 1233 3107; x_wconf 89' lang='lat' dir='ltr'><strong>cum·</strong></span> 
     </span>
     <span class='ocr_line' id='line_1_27' title="bbox 89 3145 1230 3228; baseline 0.002 -20"><span class='ocrx_word' id='word_1_228' title='bbox 89 3146 214 3210; x_wconf 89' lang='lat' dir='ltr'><strong>modum</strong></span> <span class='ocrx_word' id='word_1_229' title='bbox 239 3146 469 3227; x_wconf 88' lang='lat' dir='ltr'><strong>cubuerant,e</strong></span> <span class='ocrx_word' id='word_1_230' title='bbox 506 3166 579 3209; x_wconf 88' lang='lat' dir='ltr'><strong>ecce</strong></span> <span class='ocrx_word' id='word_1_231' title='bbox 602 3145 730 3228; x_wconf 86' lang='lat' dir='ltr'><strong>quidam</strong></span> <span class='ocrx_word' id='word_1_232' title='bbox 755 3148 811 3209; x_wconf 87' lang='lat' dir='ltr'><strong>ctt.</strong></span> <span class='ocrx_word' id='word_1_233' title='bbox 855 3147 884 3225; x_wconf 82' lang='lat'><strong>8,</strong></span> <span class='ocrx_word' id='word_1_234' title='bbox 907 3147 927 3210; x_wconf 92' lang='grc'><strong>5</strong></span> <span class='ocrx_word' id='word_1_235' title='bbox 950 3168 1009 3210; x_wconf 83' lang='grc'><strong>111</strong></span> <span class='ocrx_word' id='word_1_236' title='bbox 1032 3146 1097 3227; x_wconf 90' lang='lat' dir='ltr'><strong>diu,</strong></span> <span class='ocrx_word' id='word_1_237' title='bbox 1121 3150 1163 3210; x_wconf 91' lang='lat' dir='ltr'><strong>et.</strong></span> <span class='ocrx_word' id='word_1_238' title='bbox 1200 3149 1230 3226; x_wconf 81' lang='lat'><strong>8,</strong></span> 
     </span>
     <span class='ocr_line' id='line_1_28' title="bbox 91 3245 1233 3329; baseline 0.003 -19"><span class='ocrx_word' id='word_1_239' title='bbox 91 3248 128 3312; x_wconf 88' lang='lat'><strong>18</strong></span> <span class='ocrx_word' id='word_1_240' title='bbox 150 3249 203 3312; x_wconf 83' lang='lat' dir='ltr'><strong>vix</strong></span> <span class='ocrx_word' id='word_1_241' title='bbox 227 3245 308 3311; x_wconf 90' lang='lat' dir='ltr'><strong>haec</strong></span> <span class='ocrx_word' id='word_1_242' title='bbox 331 3247 425 3329; x_wconf 90' lang='lat' dir='ltr'><strong>dicta,</strong></span> <span class='ocrx_word' id='word_1_243' title='bbox 450 3252 484 3310; x_wconf 90' lang='lat' dir='ltr'><strong>et</strong></span> <span class='ocrx_word' id='word_1_244' title='bbox 504 3247 624 3310; x_wconf 86' lang='lat' dir='ltr'><strong>statim.</strong></span> <span class='ocrx_word' id='word_1_245' title='bbox 662 3249 692 3329; x_wconf 88' lang='lat'><strong>9,</strong></span> <span class='ocrx_word' id='word_1_246' title='bbox 716 3247 758 3310; x_wconf 88' lang='grc'><strong>20</strong></span> <span class='ocrx_word' id='word_1_247' title='bbox 780 3248 980 3312; x_wconf 90' lang='lat' dir='ltr'><strong>commodum</strong></span> <span class='ocrx_word' id='word_1_248' title='bbox 1006 3285 1041 3295; x_wconf 93' lang='lat'>-</span> <span class='ocrx_word' id='word_1_249' title='bbox 1067 3254 1107 3311; x_wconf 92' lang='lat' dir='ltr'><strong>et.</strong></span> <span class='ocrx_word' id='word_1_250' title='bbox 1149 3249 1233 3326; x_wconf 90' lang='grc'><strong>10,6</strong></span> 
     </span>
     <span class='ocr_line' id='line_1_29' title="bbox 92 3349 479 3414; baseline 0 -1"><span class='ocrx_word' id='word_1_251' title='bbox 92 3349 218 3414; x_wconf 82' lang='lat' dir='ltr'><strong>vixdum</strong></span> <span class='ocrx_word' id='word_1_252' title='bbox 244 3385 281 3398; x_wconf 92' lang='lat'><em>-</em></span> <span class='ocrx_word' id='word_1_253' title='bbox 306 3353 340 3414; x_wconf 91' lang='grc'><strong>11</strong></span> <span class='ocrx_word' id='word_1_254' title='bbox 361 3349 479 3413; x_wconf 88' lang='lat' dir='ltr'><strong>statim.</strong></span> 
     </span>
    </p>

    <p class='ocr_par' dir='ltr' id='par_1_10' title="bbox 92 3452 1229 3620">
     <span class='ocr_line' id='line_1_30' title="bbox 172 3452 1229 3535; baseline -0.001 -19"><span class='ocrx_word' id='word_1_255' title='bbox 172 3452 279 3516; x_wconf 89' lang='lat' dir='ltr'><strong>Lact.</strong></span> <span class='ocrx_word' id='word_1_256' title='bbox 303 3473 346 3514; x_wconf 94' lang='lat' dir='ltr'><strong>m.</strong></span> <span class='ocrx_word' id='word_1_257' title='bbox 369 3473 452 3535; x_wconf 87' lang='lat' dir='ltr'><strong>pers.</strong></span> <span class='ocrx_word' id='word_1_258' title='bbox 475 3452 505 3535; x_wconf 91' lang='lat'><strong>6,</strong></span> <span class='ocrx_word' id='word_1_259' title='bbox 527 3453 548 3514; x_wconf 89' lang='grc'><strong>2</strong></span> <span class='ocrx_word' id='word_1_260' title='bbox 570 3452 710 3515; x_wconf 90' lang='lat' dir='ltr'><strong>nondum</strong></span> <span class='ocrx_word' id='word_1_261' title='bbox 734 3455 1024 3535; x_wconf 85' lang='lat' dir='ltr'><strong>-pervenerant,</strong></span> <span class='ocrx_word' id='word_1_262' title='bbox 1054 3456 1087 3515; x_wconf 91' lang='grc'><strong>11</strong></span> <span class='ocrx_word' id='word_1_263' title='bbox 1108 3452 1171 3515; x_wconf 91' lang='lat' dir='ltr'><strong>iam</strong></span> <span class='ocrx_word' id='word_1_264' title='bbox 1196 3489 1229 3499; x_wconf 90' lang='lat'><em>—</em></span> 
     </span>
     <span class='ocr_line' id='line_1_31' title="bbox 92 3554 245 3620; baseline 0.013 -3"><span class='ocrx_word' id='word_1_265' title='bbox 92 3554 245 3620; x_wconf 86' lang='lat' dir='ltr'><strong>iacebant.</strong></span> 
     </span>
    </p>

    <p class='ocr_par' dir='ltr' id='par_1_11' title="bbox 89 3654 1232 3943">
     <span class='ocr_line' id='line_1_32' title="bbox 173 3654 1232 3740; baseline 0.001 -21"><span class='ocrx_word' id='word_1_266' title='bbox 173 3656 222 3720; x_wconf 78' lang='lat'><strong>17.</strong></span> <span class='ocrx_word' id='word_1_267' title='bbox 268 3654 340 3718; x_wconf 92' lang='lat' dir='ltr'><strong>Von</strong></span> <span class='ocrx_word' id='word_1_268' title='bbox 374 3655 431 3718; x_wconf 90' lang='lat' dir='ltr'><strong>der</strong></span> <span class='ocrx_word' id='word_1_269' title='bbox 463 3656 506 3718; x_wconf 89' lang='lat' dir='ltr'><strong>im</strong></span> <span class='ocrx_word' id='word_1_270' title='bbox 540 3655 654 3719; x_wconf 85' lang='lat' dir='ltr'><strong>Latein</strong></span> <span class='ocrx_word' id='word_1_271' title='bbox 688 3654 861 3740; x_wconf 84' lang='lat' dir='ltr'><strong>geltenden</strong></span> <span class='ocrx_word' id='word_1_272' title='bbox 895 3654 1016 3739; x_wconf 78' lang='lat' dir='ltr'><strong>Regel,</strong></span> <span class='ocrx_word' id='word_1_273' title='bbox 1050 3657 1122 3720; x_wconf 88' lang='lat' dir='ltr'><strong>dass</strong></span> <span class='ocrx_word' id='word_1_274' title='bbox 1155 3657 1232 3720; x_wconf 86' lang='lat' dir='ltr'><strong>zwei</strong></span> 
     </span>
     <span class='ocr_line' id='line_1_33' title="bbox 89 3754 1232 3846; baseline 0.003 -27"><span class='ocrx_word' id='word_1_275' title='bbox 89 3756 349 3842; x_wconf 86' lang='lat' dir='ltr'><strong>Imperative,</strong></span> <span class='ocrx_word' id='word_1_276' title='bbox 372 3754 569 3820; x_wconf 84' lang='lat' dir='ltr'><strong>namentlich</strong></span> <span class='ocrx_word' id='word_1_277' title='bbox 591 3756 643 3820; x_wconf 89' lang='lat' dir='ltr'><strong>bei</strong></span> <span class='ocrx_word' id='word_1_278' title='bbox 667 3756 795 3846; x_wconf 85' lang='lat' dir='ltr'><strong>lruraem</strong></span> <span class='ocrx_word' id='word_1_279' title='bbox 819 3756 883 3820; x_wconf 90' lang='lat' dir='ltr'><strong>und</strong></span> <span class='ocrx_word' id='word_1_280' title='bbox 909 3758 1129 3842; x_wconf 81' lang='lat' dir='ltr'><strong>energischcm</strong></span> <span class='ocrx_word' id='word_1_281' title='bbox 1149 3763 1232 3823; x_wconf 87' lang='lat' dir='ltr'><strong>Aus-</strong></span> 
     </span>
     <span class='ocr_line' id='line_1_34' title="bbox 90 3856 1231 3943; baseline 0.004 -22"><span class='ocrx_word' id='word_1_282' title='bbox 90 3859 196 3943; x_wconf 84' lang='lat' dir='ltr'><strong>druch,</strong></span> <span class='ocrx_word' id='word_1_283' title='bbox 219 3856 426 3942; x_wconf 88' lang='lat' dir='ltr'><strong>asyndetisch</strong></span> <span class='ocrx_word' id='word_1_284' title='bbox 449 3858 572 3935; x_wconf 79' lang='lat' dir='ltr'><strong>slehen,</strong></span> <span class='ocrx_word' id='word_1_285' title='bbox 596 3857 737 3922; x_wconf 89' lang='lat' dir='ltr'><strong>weicheu</strong></span> <span class='ocrx_word' id='word_1_286' title='bbox 762 3858 813 3922; x_wconf 90' lang='lat' dir='ltr'><strong>die</strong></span> <span class='ocrx_word' id='word_1_287' title='bbox 830 3858 984 3922; x_wconf 84' lang='lat' dir='ltr'><strong>Komilrer</strong></span> <span class='ocrx_word' id='word_1_288' title='bbox 1006 3860 1158 3925; x_wconf 80' lang='lat' dir='ltr'><strong>nuweilen</strong></span> <span class='ocrx_word' id='word_1_289' title='bbox 1181 3862 1231 3926; x_wconf 82' lang='lat' dir='ltr'><strong>ab.</strong></span> 
     </span>
    </p>
   </div>
   <div class='ocr_carea' id='block_1_9' title="bbox 90 3957 1364 4536">
    <p class='ocr_par' dir='ltr' id='par_1_12' title="bbox 90 3957 1364 4536">
     <span class='ocr_line' id='line_1_35' title="bbox 90 3957 1233 4044; baseline 0.003 -20"><span class='ocrx_word' id='word_1_290' title='bbox 90 3959 210 4025; x_wconf 90' lang='lat' dir='ltr'><strong>Plaut.</strong></span> <span class='ocrx_word' id='word_1_291' title='bbox 238 3957 355 4043; x_wconf 84' lang='lat' dir='ltr'><strong>Amph.</strong></span> <span class='ocrx_word' id='word_1_292' title='bbox 380 3958 440 4023; x_wconf 78' lang='lat'><strong>971</strong></span> <span class='ocrx_word' id='word_1_293' title='bbox 464 3959 475 4022; x_wconf 93' lang='lat' dir='ltr'><strong>i</strong></span> <span class='ocrx_word' id='word_1_294' title='bbox 498 3981 574 4024; x_wconf 85' lang='lat' dir='ltr'><strong>sane</strong></span> <span class='ocrx_word' id='word_1_295' title='bbox 597 3964 625 4024; x_wconf 88' lang='lat' dir='ltr'><strong>et</strong></span> <span class='ocrx_word' id='word_1_296' title='bbox 646 3963 800 4042; x_wconf 87' lang='lat' dir='ltr'><strong>quantum</strong></span> <span class='ocrx_word' id='word_1_297' title='bbox 821 3964 928 4043; x_wconf 85' lang='lat' dir='ltr'><strong>potest</strong></span> <span class='ocrx_word' id='word_1_298' title='bbox 957 3967 1071 4044; x_wconf 87' lang='lat' dir='ltr'><strong>parata</strong></span> <span class='ocrx_word' id='word_1_299' title='bbox 1094 3963 1145 4026; x_wconf 89' lang='lat' dir='ltr'><strong>fac</strong></span> <span class='ocrx_word' id='word_1_300' title='bbox 1166 3964 1233 4027; x_wconf 90' lang='lat' dir='ltr'><strong>sint</strong></span> 
     </span>
     <span class='ocr_line' id='line_1_36' title="bbox 90 4061 1231 4148; baseline 0.003 -22"><span class='ocrx_word' id='word_1_301' title='bbox 90 4066 217 4127; x_wconf 86' lang='lat' dir='ltr'><strong>omnia..</strong></span> <span class='ocrx_word' id='word_1_302' title='bbox 248 4062 312 4126; x_wconf 89' lang='grc'><strong>329</strong></span> <span class='ocrx_word' id='word_1_303' title='bbox 335 4062 345 4124; x_wconf 93' lang='grc'><strong>1</strong></span> <span class='ocrx_word' id='word_1_304' title='bbox 368 4082 503 4145; x_wconf 88' lang='lat' dir='ltr'><strong>propere</strong></span> <span class='ocrx_word' id='word_1_305' title='bbox 526 4066 558 4125; x_wconf 88' lang='lat' dir='ltr'><strong>et</strong></span> <span class='ocrx_word' id='word_1_306' title='bbox 579 4061 676 4125; x_wconf 85' lang='lat' dir='ltr'><strong>suude</strong></span> <span class='ocrx_word' id='word_1_307' title='bbox 691 4062 755 4125; x_wconf 89' lang='lat' dir='ltr'><strong>iam</strong></span> <span class='ocrx_word' id='word_1_308' title='bbox 770 4066 807 4125; x_wconf 89' lang='lat' dir='ltr'><strong>ut</strong></span> <span class='ocrx_word' id='word_1_309' title='bbox 826 4063 904 4127; x_wconf 86' lang='lat' dir='ltr'><strong>satis</strong></span> <span class='ocrx_word' id='word_1_310' title='bbox 926 4064 1040 4128; x_wconf 86' lang='lat' dir='ltr'><strong>laverit</strong></span> <span class='ocrx_word' id='word_1_311' title='bbox 1062 4064 1231 4148; x_wconf 85' lang='lat' dir='ltr'><strong>(Goeller).</strong></span> 
     </span>
     <span class='ocr_line' id='line_1_37' title="bbox 91 4163 1231 4248; baseline 0.003 -21"><span class='ocrx_word' id='word_1_312' title='bbox 91 4163 175 4229; x_wconf 75' lang='grc'><strong>11111.</strong></span> <span class='ocrx_word' id='word_1_313' title='bbox 198 4163 263 4229; x_wconf 89' lang='grc'><strong>650</strong></span> <span class='ocrx_word' id='word_1_314' title='bbox 286 4184 364 4246; x_wconf 86' lang='lat' dir='ltr'><strong>cape</strong></span> <span class='ocrx_word' id='word_1_315' title='bbox 386 4163 430 4226; x_wconf 91' lang='lat' dir='ltr'><strong>sis</strong></span> <span class='ocrx_word' id='word_1_316' title='bbox 453 4163 603 4227; x_wconf 81' lang='lat' dir='ltr'><strong>virtutem</strong></span> <span class='ocrx_word' id='word_1_317' title='bbox 628 4164 735 4227; x_wconf 90' lang='lat' dir='ltr'><strong>animo</strong></span> <span class='ocrx_word' id='word_1_318' title='bbox 759 4167 791 4227; x_wconf 92' lang='lat' dir='ltr'><strong>et</strong></span> <span class='ocrx_word' id='word_1_319' title='bbox 813 4165 907 4228; x_wconf 90' lang='lat' dir='ltr'><strong>corde</strong></span> <span class='ocrx_word' id='word_1_320' title='bbox 931 4166 1053 4248; x_wconf 82' lang='lat' dir='ltr'><strong>expelle</strong></span> <span class='ocrx_word' id='word_1_321' title='bbox 1076 4165 1231 4230; x_wconf 86' lang='lat' dir='ltr'><strong>desidiam</strong></span> 
     </span>
     <span class='ocr_line' id='line_1_38' title="bbox 91 4266 1233 4350; baseline 0.003 -22"><span class='ocrx_word' id='word_1_322' title='bbox 91 4271 149 4330; x_wconf 91' lang='lat' dir='ltr'><strong>tuo.</strong></span> <span class='ocrx_word' id='word_1_323' title='bbox 194 4266 296 4331; x_wconf 82' lang='lat' dir='ltr'><strong>Stich.</strong></span> <span class='ocrx_word' id='word_1_324' title='bbox 321 4267 381 4329; x_wconf 88' lang='grc'><strong>331</strong></span> <span class='ocrx_word' id='word_1_325' title='bbox 405 4267 590 4348; x_wconf 90' lang='lat' dir='ltr'><strong>respice-</strong></span> <span class='ocrx_word' id='word_1_326' title='bbox 615 4268 647 4328; x_wconf 91' lang='lat' dir='ltr'><strong>et</strong></span> <span class='ocrx_word' id='word_1_327' title='bbox 667 4266 821 4350; x_wconf 87' lang='lat' dir='ltr'><strong>relinque.</strong></span> <span class='ocrx_word' id='word_1_328' title='bbox 866 4266 938 4331; x_wconf 84' lang='lat' dir='ltr'><strong>Cas.</strong></span> <span class='ocrx_word' id='word_1_329' title='bbox 964 4268 1024 4331; x_wconf 89' lang='lat'><strong>103</strong></span> <span class='ocrx_word' id='word_1_330' title='bbox 1046 4272 1118 4332; x_wconf 83' lang='lat' dir='ltr'><strong>tace</strong></span> <span class='ocrx_word' id='word_1_331' title='bbox 1141 4273 1233 4331; x_wconf 89' lang='lat' dir='ltr'><strong>-et</strong></span> 
     </span>
     <span class='ocr_line' id='line_1_39' title="bbox 91 4365 1364 4434; baseline 0.002 -4"><span class='ocrx_word' id='word_1_332' title='bbox 91 4369 129 4431; x_wconf 92' lang='lat' dir='ltr'><strong>mi</strong></span> <span class='ocrx_word' id='word_1_333' title='bbox 151 4366 307 4433; x_wconf 79' lang='lat' dir='ltr'><strong>ausculta.</strong></span> <span class='ocrx_word' id='word_1_334' title='bbox 354 4365 551 4430; x_wconf 70' lang='lat' dir='ltr'><strong>liudrico.</strong></span> <span class='ocrx_word' id='word_1_335' title='bbox 596 4367 638 4429; x_wconf 84' lang='lat' dir='ltr'><strong>So</strong></span> <span class='ocrx_word' id='word_1_336' title='bbox 666 4368 755 4431; x_wconf 90' lang='lat' dir='ltr'><strong>steht</strong></span> <span class='ocrx_word' id='word_1_337' title='bbox 780 4367 865 4431; x_wconf 78' lang='lat' dir='ltr'><strong>oster</strong></span> <span class='ocrx_word' id='word_1_338' title='bbox 890 4368 945 4432; x_wconf 84' lang='lat' dir='ltr'><strong>obi</strong></span> <span class='ocrx_word' id='word_1_339' title='bbox 970 4374 1015 4432; x_wconf 79' lang='lat' dir='ltr'><strong>ct:</strong></span> <span class='ocrx_word' id='word_1_340' title='bbox 1057 4369 1123 4432; x_wconf 92' lang='lat' dir='ltr'><strong>mil.</strong></span> <span class='ocrx_word' id='word_1_341' title='bbox 1157 4370 1230 4434; x_wconf 76' lang='grc'><strong>255.</strong></span> <span class='ocrx_word' id='word_1_342' title='bbox 1362 4411 1364 4416; x_wconf 68' lang='lat'><strong>,</strong></span> 
     </span>
     <span class='ocr_line' id='line_1_40' title="bbox 90 4467 1230 4536; baseline 0.002 -2"><span class='ocrx_word' id='word_1_343' title='bbox 90 4470 156 4535; x_wconf 85' lang='grc'><strong>394.</strong></span> <span class='ocrx_word' id='word_1_344' title='bbox 192 4468 313 4534; x_wconf 91' lang='lat' dir='ltr'><strong>Bacch.</strong></span> <span class='ocrx_word' id='word_1_345' title='bbox 336 4469 408 4533; x_wconf 86' lang='grc'><strong>592.</strong></span> <span class='ocrx_word' id='word_1_346' title='bbox 453 4467 540 4533; x_wconf 90' lang='lat' dir='ltr'><strong>Pers.</strong></span> <span class='ocrx_word' id='word_1_347' title='bbox 568 4468 636 4532; x_wconf 88' lang='lat'><strong>165.</strong></span> <span class='ocrx_word' id='word_1_348' title='bbox 675 4469 789 4534; x_wconf 90' lang='lat' dir='ltr'><strong>Pseud.</strong></span> <span class='ocrx_word' id='word_1_349' title='bbox 806 4469 878 4535; x_wconf 89' lang='grc'><strong>890.</strong></span> <span class='ocrx_word' id='word_1_350' title='bbox 913 4468 1013 4535; x_wconf 83' lang='lat' dir='ltr'><strong>Stich.</strong></span> <span class='ocrx_word' id='word_1_351' title='bbox 1029 4472 1101 4535; x_wconf 88' lang='lat'><strong>533.</strong></span> <span class='ocrx_word' id='word_1_352' title='bbox 1140 4471 1230 4536; x_wconf 87' lang='lat' dir='ltr'><strong>Asin.</strong></span> 
     </span>
    </p>
   </div>
   <div class='ocr_carea' id='block_1_10' title="bbox 0 0 1475 5062">
    <p class='ocr_par' dir='ltr' id='par_1_13' title="bbox 0 0 1475 5062">
     <span class='ocr_line' id='line_1_41' title="bbox 0 0 1475 5062; baseline 0 0"><span class='ocrx_word' id='word_1_353' title='bbox 0 0 1475 5062; x_wconf 95' lang='lat' dir='ltr'><strong> </strong></span> 
     </span>
    </p>
   </div>
  </div>
 </body>
</html>
