2850 5062
536 389 564 396 -
615 350 762 415 553-

69 506 185 591 fugiet,
210 525 281 567 eum
304 523 360 585 per
382 504 450 566 eius
471 502 566 566 iidem
583 503 728 584 laeditur,
751 505 802 567 eni
817 525 851 567 se
867 502 1086 567 commiserit?
1109 503 1216 567 Verr.

68 610 101 685 5,
125 607 168 671 69
191 610 225 669 at
253 626 314 688 quo
339 610 483 688 tempore
510 605 654 668 futurum
687 604 758 668 est?
796 604 894 689 (iolgt
925 604 1124 670 Parenthese
1155 625 1219 669 von

69 712 91 773 2
117 707 245 792 Zeilen)
268 729 383 791 nempe
412 729 463 787 eo,
496 728 566 770 eum
601 707 735 790 populus
758 705 796 773 R.
821 705 911 771 aliud
928 728 1030 791 genus
1051 706 1219 770 hominum

71 850 113 860 -
137 810 178 873 ad
201 830 252 872 res
274 808 460 872 iudicandas
488 808 630 892 requirit.
676 832 705 891 p.
729 808 845 873 Flacco
871 810 907 873 17
931 829 1003 872 eum
1033 829 1105 872 vero
1128 810 1156 872 is
1178 848 1218 858 —

70 919 201 978 tantum
223 910 301 974 dicit
323 909 443 987 „dedi“‚
467 908 669 991 dubitabitis,
693 910 829 992 iudices,
853 910 929 992 quin
954 910 995 973 ab
1017 909 1078 974 hoc
1100 948 1142 957 —
1165 931 1221 973 no·

70 1015 266 1079 bilissimum
289 1012 389 1075 civem
413 1011 604 1075 vindicetis?
627 1011 713 1096 legg,
735 1013 766 1095 3,
793 1012 841 1089 10,
864 1012 906 1074 24
929 1033 1000 1075 eum
1020 1010 1094 1074 deni
1110 1032 1219 1076 erean-

71 1123 134 1196 tur‚
159 1113 333 1178 nonnullos
355 1114 387 1176 in
412 1114 499 1176 omni
520 1114 672 1178 memoria
694 1112 833 1196 reperies
855 1113 1051 1197 perniciosos
1073 1112 1220 1176 tribunos

73 1217 204 1300 (Baiter
227 1214 309 1279 nach
332 1213 550 1278 schleehteren
576 1214 843 1281 Handsehriften:
867 1218 1035 1290 creentur).
1067 1214 1128 1278 Mit
1142 1220 1220 1277 tem·

73 1319 220 1403 poralem
246 1316 406 1379 Adverb
434 1316 478 1378 im
505 1314 701 1399 Hauptsatz,
728 1339 763 1380 so
792 1317 864 1381 dass
892 1317 947 1380 der
969 1316 1152 1381 Nebensatz
1175 1337 1222 1379 er-

73 1420 212 1485 ki‘a'rend
234 1420 291 1482 ist:
341 1416 380 1480 ad
403 1418 472 1480 Att.
495 1418 530 1499 3,
552 1417 606 1491 22,
631 1420 646 1481 1
671 1418 725 1482 sed
747 1421 825 1498 iam,
850 1440 921 1482 eum
944 1419 1116 1483 adventare
1140 1418 1221 1481 mili·

74 1531 123 1588 tes
146 1522 306 1600 dicuntur,
330 1518 511 1583 faciendum
535 1519 627 1582 nobis
650 1521 711 1583 erit
727 1525 761 1584 ut
776 1520 816 1584 ab
832 1540 869 1583 eo
885 1519 1093 1588 discedamus.
1118 1518 1221 1600 (Dooh

72 1625 160 1689 steht
183 1623 228 1686 im
250 1622 317 1688 eod.
341 1619 455 1684 Medio.
478 1622 644 1705 dicentur.)
687 1621 766 1686 Liv.
796 1624 852 1704 36,
883 1623 915 1704 7,
943 1622 963 1685 2
987 1621 1120 1686 eandem
1150 1642 1220 1685 seu·

73 1727 211 1792 tentiam
225 1723 384 1801 dixissem,
408 1745 504 1806 qnam
520 1723 624 1806 hodie,
647 1745 717 1787 eum
735 1725 772 1788 de
788 1724 953 1789 Thessalis
969 1725 1085 1809 agitur,
1108 1724 1221 1788 dicam.

76 1867 112 1876 —
136 1828 297 1893 Praesens
321 1825 385 1888 und
408 1823 566 1908 logisehes
590 1824 717 1890 Perfeci
739 1827 782 1890 im
804 1824 1004 1891 Nebensata:
1039 1826 1147 1910 Virg.
1173 1824 1222 1904 12,

72 1931 136 1995 266
158 1950 325 2013 nunquam
351 1966 387 1974 -
410 1927 524 1990 fundet
546 1927 685 2011 virgulta
705 1950 764 1992 nec
793 1927 936 2010 umbras,
967 1948 1039 1993 oum
1062 1927 1159 1991 semel
1181 1963 1223 1975 -

73 2037 176 2099 matre
200 2034 286 2096 caret
308 2030 478 2113 posuitque
497 2050 609 2092 eomas
631 2034 688 2094 ett.
728 2029 851 2094 Weiter
873 2030 916 2094 ist
938 2029 1044 2093 nichts
1068 2029 1221 2093 bekannt.

75 2136 232 2219 Dagegen
260 2131 361 2195 findet
389 2131 458 2195 sich
485 2129 577 2194 nicht
604 2131 706 2195 seiten
729 2154 802 2195 uum
825 2131 993 2196 Ausdruck
1016 2130 1072 2195 der
1095 2130 1223 2196 Gleieh·

75 2237 244 2320 zeitigkeit
265 2228 300 2297 in
321 2232 377 2297 der
400 2232 545 2298 Zukunit

162 2339 195 2412 b)
241 2336 297 2399 das
325 2333 407 2399 Fut.
437 2334 452 2398 Ι
481 2334 574 2398 oder
601 2333 639 2398 ll
666 2336 710 2398 im
733 2335 933 2421 Nebensatz,
956 2336 1008 2400 ein
1032 2356 1224 2420 praesen·

73 2439 227 2506 tisehes
255 2437 418 2520 Tempus
456 2437 500 2500 im
530 2435 716 2520 Hauptsatz.
762 2438 858 2503 Cato
881 2459 904 2500 r.
928 2459 953 2501 r.
977 2439 1019 2502 23
1040 2459 1120 2521 quae
1142 2458 1222 2520 opus

74 2545 165 2623 sunt,
193 2560 290 2624 quom
319 2538 417 2621 pluet.
466 2537 593 2601 Plaut.
628 2537 717 2617 Trin.
748 2540 812 2605 423
846 2544 936 2624 pater
966 2560 1061 2623 quom
1088 2559 1222 2623 peregre

73 2644 192 2722 veniet,
225 2641 258 2703 in
283 2644 405 2724 portast
426 2641 525 2705 locus.
571 2638 654 2704 Ter.
677 2639 745 2705 Hoc
767 2641 831 2705 299
853 2643 936 2726 quod
967 2663 1063 2725 quom
1086 2641 1133 2704 ita
1155 2660 1222 2703 esse

74 2749 244 2823 invenere,
278 2741 354 2826 quid
382 2746 483 2807 restat
510 2743 571 2806 nisi
600 2764 696 2826 porro
721 2748 756 2806 ut
778 2744 851 2808 fiam
874 2743 991 2807 miser?
1036 2741 1168 2808 Sodann
1191 2742 1224 2805 in

75 2848 248 2912 indirecter
275 2844 374 2926 Reda,
399 2868 422 2911 s.
446 2845 527 2908 oben
552 2847 590 2927 A,
614 2845 642 2920 2,
661 2867 686 2915 a
709 2845 772 2908 und
795 2845 940 2910 Ltibbert
963 2845 993 2909 S.
1018 2845 1091 2910 217,

161 2948 241 3014 cie.
273 2945 359 3010 Lael.
383 2947 438 3023 22,
462 2947 504 3010 82
525 2949 559 3010 in
583 2945 700 3010 talibus
723 2985 763 2995 -
786 2947 942 3011 stabilitas
965 2947 1121 3013 amicitiae
1144 2968 1219 3011 oon·

77 3051 198 3116 firmari
233 3052 355 3133 potest,
387 3070 458 3112 eum
489 3087 525 3096 —
550 3049 755 3132 imperabunt
777 3087 816 3098 -
838 3048 1035 3133 gaudebunt.
1081 3048 1122 3112 85
1150 3070 1222 3111 cum
1273 3085 1278 3095 ,

77 3152 284 3234 indicaveris,
324 3149 456 3235 diligere
489 3155 632 3233 oportet,
667 3172 734 3214 non
768 3172 837 3214 curn
873 3149 1041 3230 dilexeris,
1064 3149 1217 3213 iudicare.

80 3260 145 3320 Att.
174 3259 202 3329 1,
232 3255 249 3317 7
274 3274 402 3316 omnem
424 3274 512 3335 spem
536 3291 590 3330 -,
615 3275 726 3336 quam,
755 3272 826 3316 oum
848 3252 880 3315 in
906 3252 1007 3316 otium
1035 3250 1224 3334 venerimus,

77 3357 193 3422 habere
221 3354 374 3418 volumus.
409 3358 498 3417 orat.
522 3355 666 3438 aequos
694 3377 765 3419 eum
794 3357 889 3417 cantu
913 3352 1116 3437 spoliaveris,
1139 3351 1224 3416 nuda

78 3480 180 3544 paene
207 3460 352 3520 remanet
373 3456 483 3519 oratio.
530 3455 613 3520 Val.
639 3456 735 3520 Max.
764 3458 795 3537 4,
819 3456 850 3537 8,
876 3459 889 3519 l
914 3476 986 3518 eum
1009 3455 1049 3518 ab
1071 3453 1121 3517 his
1144 3454 1223 3518 orie·

77 3567 141 3638 tur,
165 3565 244 3623 tuno
267 3558 393 3622 demum
416 3558 443 3620 ei
468 3558 711 3623 ratioeoustat.

165 3660 254 3724 Weit
281 3658 477 3724 zahlreicher
505 3660 578 3724 sind
607 3661 658 3724 die
680 3659 784 3742 narie,
813 3680 862 3722 vvo
892 3658 948 3723 der
975 3658 1154 3742 Hauptsatz
1182 3657 1227 3720 im

77 3762 341 3847 Conjunetiv,
370 3760 590 3844 imperativ
614 3763 690 3826 oder
712 3761 910 3826 infinitiv
938 3761 1040 3843 steht3
1069 3782 1104 3825 so
1126 3758 1225 3824 sehon

78 3868 128 3931 bei
152 3865 255 3931 Cato
278 3886 303 3930 r.
327 3885 351 3926 r.
385 3866 397 3926 1
433 3863 597 3946 praedium
631 3884 726 3947 quom
761 3885 871 3949 parare
905 3863 1079 3944 cogitabis,
1115 3862 1160 3927 sie
1191 3863 1227 3925 in

76 3969 188 4033 animo
211 3966 337 4029 habeto.
382 3967 411 4029 ὁ.
442 3965 494 4033 25.
522 3966 561 4030 31
593 3966 658 4029 und
688 3965 781 4034 diter.
824 3966 866 4030 53
894 3986 991 4047 quom
1020 3965 1163 4030 arabitur
1186 4003 1224 4011 —-

75 4073 132 4136 des
163 4067 249 4154 quod
278 4066 386 4131 edant.
429 4071 471 4135 54
499 4090 540 4132 ne
570 4066 700 4131 herbam
734 4072 913 4147 sectentur,
951 4089 1045 4151 quom
1079 4066 1226 4149 arabunt.

75 4174 205 4242 Plaut.
232 4168 349 4252 Amph.
376 4172 432 4235 197
457 4193 495 4235 ea
517 4191 603 4233 nunc
626 4169 805 4235 meditabor
833 4191 896 4253 quo
925 4169 1016 4233 modo
1044 4168 1092 4232 illi
1114 4168 1228 4258 dicam,

76 4296 175 4361 quom
201 4272 256 4335 illo
279 4270 445 4336 advenere.
490 4271 574 4336 Rud.
602 4271 690 4335 1206.
736 4270 848 4336 Pseud.
876 4271 944 4335 163.
983 4269 1053 4335 Cas.
1078 4272 1108 4355 3,
1135 4273 1162 4349 l,
1190 4273 1226 4336 13

76 4399 175 4464 quom
200 4373 337 4454 veniam,
361 4378 483 4441 vocent.
514 4373 580 4437 mil.
604 4374 666 4438 933
689 4373 772 4438 hane
795 4375 833 4437 ad
857 4395 927 4454 nos,
951 4394 1048 4455 quom
1071 4374 1229 4456 extemplo

76 4507 95 4546 a
117 4481 191 4545 foro
221 4474 401 4558 veniemus,
431 4476 593 4542 mittitote.
633 4476 731 4542 ·Asin.
755 4478 828 4542 372.
853 4476 925 4542 375.
964 4475 1028 4542 mil.
1050 4476 1113 4540 359
1136 4474 1228 4539 eredo
