2850 5062
422 366 648 431 ,547-

60 513 159 581 uehne
186 519 262 582 aber
289 517 371 582 auch
400 518 550 603 folgende
579 518 700 583 Stellen
729 519 824 600 dazu,
854 518 904 582 dic
928 518 1103 582 Hoffmann

60 614 71 674 ἶ.
101 619 205 685 13511.
228 624 381 704 getrennt
403 620 589 684 b‘ehandelt:
634 620 710 685 uic.
749 622 783 684 in
817 620 935 685 Caecil.
969 622 1005 683 16
1033 642 1105 703 pro·

60 757 61 763 .
88 726 231 798 accusat,
268 743 340 786 cum
362 723 389 786 is
412 724 480 807 agit
508 744 650 803 causam,
687 744 779 805 quem
804 727 860 789 ott.
904 745 935 805 p.
959 705 1040 787 sest.
1064 724 1105 786 65

60 837 81 879 Β
106 829 157 888 est
178 824 346 902 medicina,
370 846 440 888 cum
463 846 558 888 sanae
580 825 665 907 parti
685 824 829 908 corporis
850 825 1034 907 scalpellum
1048 825 1105 888 ad·

60 940 97 985 r,
147 927 201 990 fin.
231 932 256 1008 1,
282 928 331 1008 ll,
355 928 406 990 55.
451 930 531 989 orat.
556 927 604 1008 10,
628 927 676 989 34.
707 948 739 989 n.
764 927 793 989 d.
820 931 845 1002 1,
868 927 910 989 36
932 926 1105 990 ibesaver-

62 1032 176 1092 estem
199 1028 239 1091 ab
257 1030 414 1112 Aegypto
437 1050 508 1091 curn
532 1029 676 1092 volucres
699 1049 820 1111 angues
843 1065 884 1073 —
907 1027 1105 1091 interficiunt

60 1135 278 1195 consumunt.

119 1230 182 1294 Ein
206 1230 558 1314 Nominalbegriff
582 1232 638 1294 des
666 1231 880 1315 Hauptsatzes
903 1231 982 1294 wird
1005 1230 1106 1295 durch

60 1330 226 1396 ebensatz
249 1333 386 1396 definirt.
433 1332 486 1396 Pl.
511 1333 606 1396 Poen.
636 1335 671 1409 5,
701 1335 737 1414 4,
764 1335 807 1396 34
829 1333 898 1418 (48)
927 1334 981 1396 sed
1004 1331 1105 1396 hoce

84 1440 310 1498 maxumumst
333 1434 486 1519 (vitium),
510 1455 604 1517 quom
626 1434 686 1498 sihi
710 1435 806 1496 nimis
828 1434 965 1517 placent.
1011 1433 1101 1498 Trin.

60 1533 166 1599 ullum
190 1537 377 1600 beneficium
401 1558 469 1600 esse
492 1536 572 1600 duco
600 1536 647 1613 id,
681 1557 774 1619 quom
806 1537 881 1619 quoi
911 1536 1010 1600 facias
1038 1557 1103 1599 non

60 1680 67 1695 .
118 1637 212 1704 Most.
236 1638 298 1702 587
323 1639 435 1702 beatus
459 1660 533 1701 vero
557 1661 590 1701 es
612 1659 707 1713 nunc,
732 1659 827 1720 quom
843 1638 972 1700 clamas.
1007 1637 1104 1701 Poen.

75 1740 118 1802 92
146 1739 279 1823 lepidu's
309 1761 356 1821 es,
385 1762 479 1823 quom
509 1761 627 1804 mones.
673 1739 754 1807 Ter.
784 1741 842 1803 Ad.
865 1739 946 1822 prol.
974 1740 1011 1803 18
1035 1761 1104 1802 eam
1212 1788 1213 1791 η

60 1858 87 1902 m
111 1841 162 1905 hic
186 1841 273 1905 ducit
295 1863 488 1924 maxumam,
512 1862 607 1925 quom
639 1841 704 1904 illie
734 1840 848 1924 placet.
871 1879 910 1889 -
936 1840 993 1903 Bei
1009 1840 1103 1904 Plau-

60 1939 89 2022 0,
114 1942 163 2006 bei
186 1942 307 2007 Terenz
330 1946 350 2006 4
373 1942 503 2007 Stellen.

60 2042 113 2108 lus
136 2044 276 2109 Cicero
305 2044 448 2129 gehoren
475 2046 674 2109 namentlich
708 2046 759 2110 die
795 2046 1104 2110 wissenschaft-
1223 2118 1226 2125 ,

60 2165 89 2207 en
124 2145 414 2211 Definitionum
448 2146 588 2229 hierher,
626 2148 676 2211 die
704 2148 772 2212 sich
802 2149 836 2211 in
865 2149 976 2211 scinen
999 2147 1105 2212 rheto-

60 2268 86 2310 en
122 2249 187 2311 und
231 2248 516 2334 philosophischcn
553 2248 717 2314 Schriften
760 2249 882 2331 finden,
928 2272 954 2310 a.
992 2248 1029 2312 Β.
1067 2249 1105 2312 de

60 2353 89 2432 1,
120 2354 176 2432 ll,
210 2351 249 2413 15
278 2337 443 2414 concessio
471 2354 533 2427 est,
562 2373 633 2415 cum
661 2374 734 2414 reus
763 2374 826 2415 non
856 2351 903 2428 id,
931 2350 1017 2433 quod
1039 2351 1103 2415 fac·

60 2457 119 2533 est,
156 2451 309 2516 defendit.
360 2450 434 2516 Und
468 2452 550 2516 noch
581 2454 596 2516 l
627 2453 691 2517 Mal
726 2455 759 2516 in
792 2452 974 2516 demselben
1010 2453 1105 2515 Para-

60 2576 113 2621 ien.
159 2553 250 2617 Eben
273 2575 308 2618 so
332 2553 383 2617 bei
406 2553 556 2619 Cornifi
580 2555 630 2617 ad.
653 2555 728 2619 Her.
752 2557 787 2635 4,
813 2556 868 2634 12,
898 2555 932 2617 17
957 2555 1106 2618 soloecis·

60 2659 114 2735 est,
138 2677 209 2719 cum
232 2694 274 2704 —
297 2656 511 2719 barbarismus
535 2660 593 2738 est,
617 2678 687 2720 cum
711 2696 762 2724 -.
810 2659 933 2738 13,19.
981 2659 1029 2734 15,
1053 2656 1104 2719 21.

60 2759 77 2822 6
98 2758 164 2822 und
187 2758 237 2822 oft
258 2758 292 2821 in
315 2758 499 2821 deniselben
524 2757 643 2823 Buche.
688 2758 799 2823 Caes.
823 2759 852 2822 b.
875 2781 905 2843 g.
929 2760 963 2838 5,
987 2759 1026 2821 21
1051 2780 1106 2842 op·

60 2883 71 2923 1
106 2859 257 2923 Britanni
291 2862 423 2937 vocant,
458 2882 530 2923 cunr
564 2860 661 2924 silvas
695 2861 863 2944 impeditas
899 2860 982 2924 vallo
1011 2864 1106 2944 atque

68 2962 261 3025 munierunt.

60 3087 73 3126 ν.
119 3063 182 3127 Ein
220 3062 473 3148 Zeitbegriff
507 3064 562 3127 des
597 3063 812 3146 Hauptsatzes
843 3064 920 3127 wird
944 3063 1105 3147 explicirt:

61 3170 82 3233 1.
108 3165 205 3230 Mero.
228 3167 291 3229 534
313 3166 377 3229 iam
400 3165 613 3259 bimniumst,
643 3187 739 3250 quom
768 3166 866 3229 habet
888 3187 955 3228 rem
977 3165 1107 3229 tecum?

60 3267 146 3350 ie‘).
192 3266 266 3330 Aul.
303 3267 385 3350 prol.
418 3268 440 3330 4
472 3267 555 3331 hanc
575 3267 715 3331 >domum
748 3269 812 3330 iam
849 3256 966 3330 multos
1004 3287 1106 3329 annos

60 3390 129 3433 rom
152 3368 309 3452 possideo.
354 3368 471 3452 Amph.
496 3371 559 3434 302
581 3370 646 3432 iam
674 3369 760 3433 diust
787 3390 882 3452 quom
910 3368 1016 3432 ventri
1044 3369 1106 3431 vic-

60 3493 117 3536 ron
140 3470 235 3534 datis.
280 3469 361 3533 Rud.
386 3470 450 3534 664
477 3492 563 3535 nunc
591 3470 623 3533 id
652 3475 717 3549 est,
751 3492 846 3553 quom
881 3471 1024 3534 omnium
1057 3490 1107 3533 co·

60 3597 83 3636 n
119 3577 212 3656 atque
247 3594 343 3655 opum
366 3572 567 3635 -viduitas
601 3595 661 3636 nos
691 3576 789 3635 tenet.
836 3571 969 3635 Plautus
997 3570 1054 3634 hat
1075 3571 1106 3646 6,

60 3699 81 3737 z
104 3675 124 3738 2
147 3673 270 3738 Stellen
293 3674 408 3758 (Andr.
436 3675 495 3738 152
517 3695 617 3758 prope
639 3673 744 3754 adest,
774 3695 868 3756 quom
891 3674 996 3737 alieno
1018 3694 1107 3736 more

60 3777 164 3840 dumet
196 3777 287 3841 mihi.
349 3775 432 3840 Eun.
461 3778 522 3840 551
553 3798 639 3839 nuno
667 3781 716 3840 est
744 3775 904 3858 profecto,
935 3797 1031 3858 quom
1066 3811 1106 3821 -

60 3881 115 3961 m).

60 3981 199 4066 liiufiger
221 3979 293 4044 sind
317 3980 425 4043 solohc
448 3978 580 4061 Stellen,
605 4002 655 4044 wo
678 3992 749 4044 orem
772 3976 905 4061 (,‚eeit‘¹)
929 3979 1001 4043 eine
1024 3978 1107 4042 Zeit-

60 4084 170 4167 hnung
193 4081 352 4166 explicirt,
378 4082 439 4144 seit
462 4081 615 4146 Cicero:
653 4104 684 4164 p.
717 4081 842 4146 Oluent.
864 4083 907 4143 30
929 4082 1007 4147 anni
1030 4085 1108 4143 sunt

67 4208 139 4249 cum
161 4186 224 4248 ista
247 4205 343 4247 causa
365 4184 397 4245 in
420 4183 482 4245 ista
510 4184 720 4247 meditatione
748 4186 893 4246 versatur
922 4186 976 4246 ott.
1023 4181 1105 4245 Phil.

62 4289 84 4350 Ο
105 4287 280 4371 vigesimus
303 4306 407 4348 annus
430 4289 491 4364 est,
522 4307 593 4348 cum
622 4306 732 4349 omnes
756 4283 902 4348 scelerati
925 4304 976 4346 me
1004 4305 1105 4347 unum

60 4392 89 4451 t.
134 4393 213 4452 orat.
236 4389 274 4450 51
301 4385 384 4468 apud
408 4387 544 4451 Graecos
573 4388 702 4472 quidem
724 4388 788 4449 iam
811 4385 889 4449 anni
911 4405 1010 4468 prope
1033 4407 1108 4468 qua-

60 4490 127 4553 cnti
161 4494 251 4572 sunt,
286 4510 357 4552 oum
392 4487 452 4552 hoc
483 4490 644 4572 probatur.
689 4488 752 4554 div.
775 4490 809 4574 2,
832 4490 873 4552 36
896 4508 993 4569 quam
1016 4486 1109 4550 multi

853 4591 907 4644 3⁶*
