2864 5056
705 339 936 403 -5944

251 494 300 556 bei
323 493 384 557 den
400 492 593 556 Komilsern:
618 491 732 557 Bacch.
755 492 819 555 689
841 491 895 555 551
911 512 963 554 me
976 492 1122 574 aspiciet,
1146 492 1186 554 ad
1201 492 1359 556 carnuficem

250 595 352 677 rapiet
374 594 536 658 continuo.
583 595 642 658 757
665 594 720 658 551
743 593 803 656 erit
825 593 1008 656 accubitum
1030 593 1148 675 semel,
1173 615 1213 657 ne
1234 615 1360 677 quoquam
1417 639 1418 642 ,

250 697 439 779 exsurgatis,
485 695 547 759 765
569 695 623 759 551
645 717 696 759 me
718 699 831 759 contra
852 694 1022 777 aspexerit.
1068 693 1168 757 Persa
1190 695 1249 758 383
1270 694 1359 775 videto,
1418 697 1419 702 ’

250 819 311 879 me,
334 798 389 861 ubi
411 797 516 878 voles,
539 801 674 880 nuptum
697 796 781 861 dare.
828 793 910 859 Rud.
939 795 1012 859 429.
1057 793 1142 859 Ter.
1170 794 1359 859 1151552551

249 899 317 982 pati
339 921 404 963 555
427 900 564 982 poteris,
587 920 681 982 quom
704 918 798 962 nemo
822 900 962 980 expetet,
986 933 1027 985 ·.‘
1050 897 1171 961 venies.
1215 898 1281 961 440.
1307 897 1358 963 628.

250 998 327 1064 Hec
352 998 424 1064 790.
469 1001 529 1065 Ad.
555 1000 625 1064 119.

338 1101 434 1170 Sall.
458 1101 528 1167 Cat.
549 1102 600 1178 51,
623 1101 741 1164 36551
764 1099 908 1184 gladium
931 1098 1087 1164 eduxerit.

216 1216 220 1218 ’
338 1203 447 1288 Virg.
471 1202 527 1267 ecl.
549 1203 579 1284 4,
602 1203 642 1266 37
666 1201 758 1279 hinc,
787 1202 842 1265 ubi
864 1202 929 1266 iam
950 1203 1079 1267 firmata
1102 1203 1204 1266 virum
1226 1208 1257 1266 te
1276 1202 1360 1266 secent

251 1310 350 1388 aetas,
373 1305 542 1369 cedetctt.
588 1305 670 1368 Aen.
693 1305 722 1381 3,
745 1303 809 1367 410
832 1303 885 1367 551
908 1340 950 1351 -
972 1308 1005 1368 te
1027 1303 1207 1367 admoverit
1232 1343 1265 1351 -
1286 1309 1311 1367 et
1327 1325 1361 1366 ra·

211 1479 214 1486 .
251 1414 385 1471 rescent.
430 1407 491 1469 441
527 1406 581 1469 551
615 1406 802 1486 accesseris,
831 1443 871 1452 -
900 1405 1068 1490 adspicies.
1112 1407 1151 1488 4,
1180 1406 1247 1470 118.
1286 1407 1310 1487 9,
1326 1404 1363 1467 88.

251 1508 328 1572 biv.
352 1509 390 1585 3,
418 1507 476 1588 68,
508 1509 523 1571 1
549 1507 603 1571 551
633 1506 686 1570 515
715 1507 835 1571 curiam
864 1507 1132 1572 circumsederitis
1161 1510 1195 1571 et
1221 1507 1314 1571 forum
1331 1507 1363 1569 in·

250 1609 370 1673 festum
391 1608 532 1672 feceritis
555 1613 588 1673 et
609 1629 768 1673 carcerem
792 1608 1001 1691 impleveritis
1024 1609 1234 1692 principibus,
1252 1628 1364 1692 -egre

252 1710 366 1774 dimini
389 1715 480 1774 extra
502 1715 640 1794 portam.

335 1815 369 1896 g)
419 1811 482 1877 Ubi
504 1813 563 1875 mit
583 1811 655 1875 dem
678 1810 896 1894 Imperfect
918 1811 997 1875 wird
1012 1833 1070 1875 ans
1086 1810 1143 1875 der
1158 1813 1244 1877 alten
1260 1812 1367 1897 Sprach·

251 1913 378 1997 pariode
401 1934 462 1976 nur
484 1914 546 1976 ein
571 1913 635 1976 Mal
662 1913 749 1977 citirt
776 1913 841 1977 und
870 1935 954 1977 zwar
982 1913 1029 1977 als
1046 1915 1224 1978 ‘Ausdrnck
1246 1915 1298 1979 der
1316 1913 1370 1976 wie

249 2013 417 2079 derholten
440 2014 633 2099 Handlung:
656 2014 742 2079 Ter.
767 2014 850 2078 Eun.
872 2015 936 2078 405
958 2015 1158 2097 requiescere
1181 2016 1235 2079 ubi
1257 2015 1370 2080 volebat

251 2117 315 2180 Der
343 2115 505 2181 Nachsata
533 2116 617 2201 folgt
645 2139 674 2180 v.
703 2117 765 2180 407
794 2116 981 2183 abducebat.
1033 2115 1169 2181 Scheint
1204 2118 1254 2182 bei
1286 2117 1373 2182 Cicero

252 2238 334 2303 ganz
364 2239 402 2280 zu
429 2217 549 2282 fehlen.
605 2216 702 2282 Danu
737 2240 792 2281 zur
825 2216 1056 2302 bezeichnung
1093 2219 1185 2282 einer
1221 2218 1375 2299 einzelnen,

253 2319 437 2383 dauernden
459 2319 646 2404 Thiitiglreit
669 2319 746 2383 oder
768 2319 855 2383 eines
878 2318 1070 2382 Zustandea:
1095 2318 1204 2386 Caes.
1228 2320 1260 2386 b.
1282 2342 1306 2384 c.
1324 2318 1377 2401 2,9

252 2422 305 2485 551
339 2424 466 2505 tempus
497 2421 629 2485 alterius
662 2420 917 2504 contignationis
950 2420 1136 2506 videbatur,
1171 2422 1268 2506 tigna
1288 2423 1379 2483 -15-

250 2524 425 2587 struebant.
470 2521 596 2586 Darauf
615 2522 732 2586 nimmt
753 2521 810 2585 der
832 2519 1001 2586 Gebrauch
1025 2544 1081 2603 zu,
1103 2544 1137 2586 es
1162 2523 1242 2587 wird
1259 2523 1327 2588 bald
1341 2522 1381 2585 die

158 2641 162 2648 ·
251 2623 472 2701 wiederholte,
497 2623 570 2688 bald
593 2622 644 2687 die
666 2623 838 2706 einmalige
862 2623 1038 2707 Handlung
1062 2623 1267 2690 bezeichnet:
1303 2624 1382 2690 Sall.

249 2726 325 2810 Jug.
347 2728 399 2808 35,
421 2725 442 2789 5
464 2725 518 2788 551
541 2746 591 2788 res
615 2724 809 2808 postulabat,
832 2724 965 2788 insidias
987 2725 1101 2788 tendit.
1139 2726 1194 2808 55,
1218 2728 1240 2790 4
1263 2726 1315 2791 ubi
1328 2726 1383 2789 iru-

253 2831 362 2891 mentc
384 2833 440 2891 aut
466 2827 586 2909 pabulo
614 2847 693 2909 opus
721 2831 806 2908 erat,
841 2825 988 2890 cohortes
1017 2864 1052 2872 -
1079 2829 1276 2909 praesidium
1298 2828 1386 2912 agita·

251 2929 337 2992 bant.
364 2929 429 3009 57.
453 2927 679 3010 95155155
701 2926 905 3008 adventabat,
929 2926 1143 2991 -tubicines
1166 2929 1264 2993 simul
1287 2951 1385 2994 omnes

251 3031 345 3115 signa
366 3050 490 3105 canere.
516 3029 585 3107 106,
609 3030 640 3092 2.
672 3029 806 3092 Livius
829 3029 886 3092 hat
900 3026 1001 3093 schon
1016 3029 1070 3092 ein
1086 3026 1240 3094 Dutaend
1257 3031 1386 3096 Stellen:

254 3136 280 3215 1,
302 3133 344 3197 58
368 3130 422 3195 551
445 3129 644 3194 obstinatum
667 3130 812 3212 videbat,
842 3128 931 3193 addit
959 3131 999 3192 ad
1028 3133 1150 3194 metum
1173 3131 1321 3197 dedecus.
1361 3132 1388 3213 3,

251 3234 293 3297 62
315 3255 396 3317 quae
425 3231 478 3295 ubi
507 3231 726 3316 degravabant
754 3253 870 3310 cornu,
899 3231 1022 3314 equites
1054 3268 1088 3277 -
1122 3232 1288 3298 desiliunt.
1336 3233 1390 3297 Die

252 3336 388 3419 ssbrigen
412 3335 503 3419 gicht
524 3332 641 3397 Hoffm.
665 3332 697 3397 S.
724 3337 758 3396 ll
785 3337 880 3397 Anm.
903 3332 954 3395 24.
999 3331 1084 3395 Τ55.
1109 3336 1191 3417 Agr.
1214 3335 1258 3399 38
1283 3336 1334 3399 ubi
1357 3372 1389 3381 -

251 3436 414 3520 nequibat.
458 3435 490 3499 h.
513 3437 542 3512 3,
566 3436 608 3498 24
630 3435 685 3499 551
707 3455 839 3499 noscere
861 3455 936 3498 suos
958 3433 1111 3517 noscique
1133 3439 1273 3517 poterat,
1295 3474 1327 3484 -
1349 3438 1392 3500 in·

251 3535 448 3621 terrogabat.
492 3536 533 3600 58
557 3537 611 3600 551
633 3537 700 3620 ipse
723 3558 789 3600 non
811 3535 930 3600 aderat.
967 3536 998 3616 4,
1024 3536 1073 3598 18.
1097 3536 1147 3602 23.
1170 3537 1222 3602 55.
1246 3538 1297 3602 70.
1320 3560 1391 3604 ann.

249 3639 279 3716 2,
303 3638 355 3702 69.
380 3639 428 3710 71.
452 3638 482 3720 6,
504 3638 546 3700 42
568 3639 646 3720 (48).
691 3636 775 3701 Zwei
790 3636 857 3700 Mal
879 3638 940 3700 mit
960 3635 1035 3700 Inf.
1058 3634 1205 3702 histor.
1228 3641 1294 3703 und
1309 3661 1391 3704 coor-

251 3738 401 3802 dinirtem
425 3738 611 3822 Imperfect:
641 3741 671 3802 5.
694 3739 726 3816 3,
750 3740 789 3801 10
812 3739 867 3802 ubi
889 3737 1074 3803 crudescere
1096 3739 1213 3804 seditio
1236 3747 1333 3805 et-
1354 3740 1389 3804 ad

251 3839 316 3903 tela
337 3843 370 3903 et
392 3861 506 3903 manus
529 3839 725 3919 transibant,
760 3840 857 3904 iubet.
901 3861 976 3903 ann.
1008 3840 1044 3917 2,
1072 3840 1172 3904 4551
1195 3842 1341 3906 minitari
1362 3846 1393 3905 et

251 3979 290 3987 —
315 3937 503 4004 sumendum
524 3946 600 4010 erat.
625 3980 664 3990 —-
687 3940 758 4006 Von
793 3941 833 4005 da
863 3940 904 4004 ab
937 3940 1054 4005 wieder
1084 3941 1241 4007 seltener:
1286 3943 1392 4027 Apul

251 4047 325 4107 met.
354 4044 408 4124 10,
439 4043 460 4105 2
492 4047 526 4106 51
547 4043 601 4107 551
624 4084 663 4092 -
688 4065 777 4108 arnor
804 4043 1025 4123 exaestuabat,
1058 4044 1217 4108 saevienti
1244 4046 1304 4110 deo
1332 4047 1391 4108 iam

250 4146 425 4210 succubuit.
469 4144 587 4210 23551
617 4145 674 4209 flos
701 4148 815 4208 aetatis
843 4143 1019 4227 nuptialem
1045 4144 1166 4229 virgini
1196 4147 1282 4212 diem
1303 4146 1389 4231 flagi·

253 4246 353 4327 tabat,
377 4252 597 4311 -secretum
620 4248 756 4330 aperuit.

334 4347 368 4430 h)
407 4348 469 4412 Ubi
490 4349 550 4412 mit
572 4348 672 4412 Pers.
706 4349 797 4412 hist.
832 4347 897 4411 und
929 4347 1088 4431 Imperi.
1123 4350 1214 4414 steht
1242 4354 1307 4415 erst
1340 4350 1385 4414 bei

244 4448 481 4516 γ8511055111
503 4448 557 4513 sed
581 4449 633 4513 ubi
657 4450 766 4514 labore
788 4449 1029 4534 atque'iastitia
1051 4472 1134 4534 resp.
1159 4453 1271 4536 crevit,
1293 4473 1379 4536 reges
