2858 5062
651 327 878 390 -414-

202 479 335 564 Madvig
356 480 469 543 {indert
491 502 574 543 zwar
597 479 697 561 nicht,
722 480 870 564 verlangt
892 480 969 543 aber
992 480 1051 543 mit
1073 479 1175 545 Recht
1194 485 1388 559 maatw,

198 582 257 645 wie
293 580 403 646 Baiter
435 582 519 645 uach
552 581 687 646 Lambiu
711 581 861 645 schreibt.
907 582 959 646 off.
989 583 1020 653 2,
1045 583 1074 661 7,
1097 582 1139 645 23
1171 582 1260 646 huius
1332 587 1387 666 ty·

198 683 355 747 1111114-
379 684 528 748 interitus
557 684 713 762 declarat,
743 686 899 767 quantum
928 682 1036 747 odium
1064 682 1228 748 homiuum
1255 683 1385 752 valet

195 784 233 848 ad
257 788 388 870 pestem.
435 784 478 849 So
501 785 552 850 die
575 785 723 867 Codices,
753 806 814 847 nur
836 784 924 848 einer
945 783 1004 848 hat
1024 785 1148 864 114114,
1171 807 1233 850 was
1254 787 1381 852 wohl

202 884 321 970 richtig
343 886 396 950 ist.
440 887 503 971 leg.
527 909 593 972 agr.
617 887 646 964 3,
669 887 698 963 4,
730 886 769 949 15
792 889 824 949 14
851 886 1020 969 quoniam,
1050 888 1173 970 quade
1196 909 1315 951 causa
1356 895 1380 954 et

197 1009 332 1071 quorum
367 1010 462 1053 causa
491 989 546 1052 ille
575 989 634 1053 hoc
663 987 894 1072 promulgavit,
929 988 1065 1052 ostendi.
1111 988 1190 1053 Hier
1216 991 1257 1053 ist
1309 989 1378 1054 der

195 1091 278 1173 jetzt
299 1089 567 1174 aufgeuommeue
591 1088 787 1172 Conjuuctiv
805 1091 1055 1172 pronrulpaverit
1076 1112 1137 1154 nur
1159 1091 1372 1174 (4114904111,

203 1192 280 1254 aber
307 1192 398 1255 beide
428 1191 608 1276 Euduugen
636 1190 709 1254 sind
737 1190 813 1254 sehr
840 1191 890 1255 oft
912 1192 1120 1257 verwechselt
1142 1193 1292 1257 worden.
1333 1230 1368 1239 -

197 1290 287 1356 Ebeu
313 1315 350 1357 so.
372 1293 458 1358 steht
479 1316 512 1357 es
535 1294 595 1356 mit
617 1292 704 1356 acad.
728 1293 757 1368 2,
783 1293 831 1370 15,
854 1293 896 1357 46
919 1297 964 1376 ut,
987 1297 1109 1377 quanta
1131 1295 1201 1360 luce
1222 1316 1257 1358 ea
1294 1295 1366 1359 cir·

200 1394 344 1458 cumfuse
373 1401 459 1459 sunt
477 1397 587 1478 (jetzt:
616 1394 711 1477 sint),
739 1394 866 1476 possint
894 1415 1081 1479 agnoscere.
1127 1395 1280 1461 Sicherer
1321 1396 1363 1458 ist

199 1496 352 1580 folgeuds
386 1496 497 1562 Stelle:
536 1497 621 1580 legg.
655 1498 680 1572 1,
709 1496 738 1572 9,
768 1496 807 1559 27
842 1496 926 1560 oculi
952 1536 990 1545 -
1016 1518 1109 1580 quem
1143 1498 1182 1561 ad
1213 1496 1360 1562 modum

200 1598 309 1662 auimo
331 1598 436 1664 affecti
459 1619 575 1675 sumus,
600 1598 782 1681 loquuntur.
828 1596 936 1661 Durch
960 1589 1207 1682 interpunctiou
1226 1601 1275 1667 ist
1303 1618 1358 1681 ge

196 1699 331 1764 dudert:
361 1722 392 1783 p.
416 1699 532 1765 Flacco
554 1700 583 1776 6,
610 1701 648 1763 13
675 1699 900 1762 memineritis:
934 1721 1067 1783 quarum
1095 1721 1200 1764 rerum
1223 1697 1355 1766 invidia
1428 1714 1429 1717 ’

204 1807 367 1866 -certus
391 1805 440 1866 est
461 1800 663 1885 inquisitioni
682 1802 832 1866 comitum
849 1822 999 1864 uumerus
1015 1803 1208 1868 constitutus
1223 1808 1284 1887 (=
1304 1820 1371 1862 ean
1422 1870 1423 1877 ,

194 1925 263 1967 rum
287 1906 417 1986 rerum).
470 1904 593 1968 Gewiss
616 1903 749 1988 richtig:
773 1903 811 1966 de
833 1924 901 1966 sen.
915 1906 944 1981 4,
971 1904 1010 1967 12
1033 1903 1114 1968 nihil
1137 1910 1186 1968 est
1207 1901 1349 1993 admira·
1419 1912 1425 1977 j

194 2005 300 2087 bilius,
323 2027 418 2089 quam
452 2027 514 2089 quo
539 2004 633 2069 modo
655 2005 709 2069 ille
724 2009 859 2069 mortem
874 2004 933 2068 filii
949 2006 1025 2069 tulit
1040 2006 1094 2089 (=
1108 2007 1229 2086 modus,
1251 1999 1346 2089 quo).
1419 2030 1421 2033 ·

180 2105 369 2172 ,144144141414
402 2105 482 2171 auch
515 2106 635 2191 richtig
668 2107 766 2192 (nach
799 2106 870 2170 dem
904 2106 973 2170 cod.
1003 2104 1134 2191 Medic.)
1162 2109 1237 2172 fam.
1273 2101 1346 2180 7,4

195 2207 283 2271 vides
306 2208 406 2286 enim,
436 2213 556 2292 quanto
584 2212 658 2293 post
687 2230 752 2273 una
778 2208 878 2272 futuri
908 2230 1026 2272 sumus.
1071 2209 1163 2273 Ebeu
1192 2232 1226 2274 so
1256 2199 1343 2273 nach
1413 2270 1415 2278 ,

197 2309 380 2374 demselben
406 2307 531 2374 Godex:
558 2311 606 2389 14,
628 2313 659 2388 5,
685 2313 701 2373 1
725 2312 794 2388 etsi,
818 2311 852 2374 in
874 2331 969 2393 quam
993 2332 1093 2394 remp.
1119 2312 1275 2391 1111411111,
1301 2305 1342 2367 in·
1414 2312 1417 2365 ὲ

198 2412 320 2496 telligo.
366 2410 434 2475 Att.
459 2412 494 2493 9,
529 2412 626 2490 10,4
658 2412 711 2495 qui
745 2413 944 2476 transierunt
977 2419 1159 2495 senatores,
1193 2413 1341 2478 scribam·
1411 2408 1412 2411 ’

195 2513 357 2578 Caelius
387 2516 464 2577 fam.
495 2514 523 2592 8,
550 2515 598 2593 15,
625 2517 638 2577 1
664 2515 689 2576 si
720 2512 816 2597 scias,
845 2535 940 2597 quam
971 2514 1129 2578 sollicitus
1158 2537 1240 2592 sum,
1276 2511 1341 2573 cum
1415 2513 1416 2524 ³

194 2614 276 2679 hauc
300 2636 401 2678 meam
425 2615 615 2701 gloriam-
632 2614 784 2679 derideas.
830 2620 896 2679 Aue
913 2615 1031 2680 Caesar
1053 2614 1136 2680 habe
1158 2618 1209 2681 ich
1230 2608 1340 2680 nicht

196 2716 307 2798 notirt,
331 2738 386 2780 aus
410 2716 559 2782 Sallust
587 2716 1165 2782 11111141111141111141111118411411
1196 2718 1266 2783 Cat.
1294 2707 1340 2786 51,
1415 2765 1416 2805 3

192 2820 213 2881 4
243 2839 360 2901 magua
390 2818 469 2882 mihi
502 2820 594 2903 copia
628 2822 676 2881 est
709 2819 907 2882 memorandi
937 2857 973 2866 -
1007 2841 1090 2903 quae
1121 2842 1212 2904 reges
1239 2820 1339 2894 atque
1411 2840 1416 2908 j

193 2920 304 3004 populi
333 2922 380 2985 ira
410 2926 465 2985 aut
492 2920 710 2984 misericordia
738 2920 868 3003 impulsi
898 2921 978 2984 male
1008 2922 1249 2985 consuluerunt.
1303 2906 1341 2971 S⁰
1412 2946 1413 2950 ¹

195 3021 277 3086 uach
301 3022 403 3086 ciuem
428 3024 495 3087 cod.
519 3023 635 3106 Vatis,
654 3023 736 3106 jetzt
758 3022 833 3086 aber
855 3021 936 3087 111141
953 3029 1054 3106 guteu
1070 3018 1343 3087 Handschrifteffi

193 3124 247 3207 qui
272 3161 308 3170 —
335 3124 561 3189 consuluerint.

277 3225 445 3290 Dichter
478 3227 542 3290 und
578 3226 907 3290 naohklassische
936 3225 1165 3290 Prosaiker.
1208 3224 1347 3297 Krilger

192 3327 278 3390 citirt
309 3328 393 3392 noch
426 3327 608 3410 61411169,
634 3329 673 3391 10
701 3333 758 3391 aut
786 3327 935 3392 admirari
965 3327 1091 3405 desine,
1122 3350 1178 3392 cur
1204 3311 1348 3409 fugiunt

191 3430 301 3512 (jetztz
334 3430 487 3514 fugiant).
533 3429 644 3513 Virg.
668 3428 706 3493 G.
729 3431 759 3507 4,
784 3429 845 3492 149
867 3449 953 3493 nuuc
975 3450 1047 3513 age,
1072 3435 1202 3493 naturas
1224 3418 1353 3513 opibus
1426 3458 1427 3464 ¹

192 3553 270 3613 quas
293 3530 437 3614 Iuppiter
459 3532 528 3615 ipse
550 3529 684 3615 addidit,
706 3530 872 3613 expediam
896 3530 976 3610 (1.9.
1001 3552 1055 3594 eas
1071 3536 1212 3612 naturas,
1234 3512 1353 3614 quast·

193 3635 272 3696 Aen.
296 3634 327 3714 6,
344 3634 408 3696 614
429 3655 471 3697 ne
498 3654 614 3717 quaere
644 3633 748 3696 doceri
771 3653 910 3715 -quae
933 3633 1036 3696 forma
1064 3623 1355 3698 1411141141111118

191 3734 311 3796 mersit.
332 3771 368 3780 -
386 3733 543 3818 Hiufiger
565 3734 629 3797 uud
653 3733 726 3797 sehr
749 3733 939 3797 willkitrlich
963 3735 1146 3798 wechselud
1170 3735 1219 3799 bei
1242 3729 1272 3796 P
1280 3732 1355 3783 ἴθ’

191 3856 299 3918 perz:
326 3835 435 3912 1,2,9
457 3836 594 3919 adspice,
619 3859 698 3919 quos
720 3834 893 3900 summittit
916 3836 1029 3899 humus
1052 3838 1192 3910 formosa
1206 3828 1355 3901 colores»

190 3940 227 3998 ut
249 3936 382 3999 veniant
403 3935 539 4001 hederae
562 3942 677 4021 sponte
699 3930 757 4001 sua
779 3937 902 4013 melius,
925 3942 1100 4022 surgat-
1123 3943 1156 4002 et
1178 3940 1260 4003 sciat
1289 3911 1353 3982 014

192 4036 254 4101 Μ44
277 4038 460 4102 demselben
485 4039 631 4103 Wechsel
654 4039 708 4101 des
733 4038 858 4103 Modus:
888 4040 918 4122 2,
946 4041 995 4120 46,
1019 4040 1061 4105 29
1084 4040 1227 4124 adspice,
1263 4004 1352 4110 quid
1424 4054 1427 4118 g

193 4138 285 4202 donis
308 4138 464 4224 Eriphyla
486 4141 610 4204 invenit
631 4140 756 4218 amaris,
780 4141 893 4204 arserit
908 4145 941 4204 et
955 4143 1086 4224 quantis
1102 4148 1202 4226 nupta
1218 4129 1351 4206 Creu⁸8
1427 4141 1429 4146 ’

192 4240 295 4304 matis.
340 4240 432 4305 Eben
455 4263 489 4305 so
511 4243 541 4324 2,
564 4242 616 4322 39,
640 4241 683 4305 29
694 4243 740 4327 fg.
784 4220 1350 4327 [41111411111411149141111444444Ιζίἱῐ
1420 4244 1423 4312 J

192 4341 416 4405 111114416144141
447 4342 684 4408 abwechselnd:
717 4344 747 4424 3,
769 4346 798 4423 5,
823 4345 864 4409 25
887 4349 954 4407 tum
978 4344 1057 4410 mihi
1081 4350 1213 4410 naturae
1234 4314 1348 4404 libeat
1422 4336 1424 4341 ¹

191 4442 369 4527 perdiscere
399 4466 500 4513 mores
529 4445 563 4528 (8
586 4443 799 4530 conjunctive
822 4446 887 4510 und
913 4448 948 4509 11
973 4446 1167 4526 Iudicative,
1195 4445 1261 4512 alle
1294 4416 1347 4487 ⁸¹4
