2918 5064
512 331 741 394 -761-

56 483 210 547 damnum
232 486 288 548 est.
312 483 420 549 Gurt.
445 484 521 566 7,7,
541 484 580 547 16
602 482 665 548 hoc
687 486 723 547 ut
744 481 883 568 Scythae
905 483 1025 548 imitari
1046 483 1202 568 nesciant,

56 584 224 650 Bactriani
246 584 415 650 docebunt.
451 585 486 669 9,
508 586 545 666 4,
572 586 618 653 18.
662 583 724 649 Mit
745 588 850 651 tomen
878 586 922 650 im
944 585 1140 651 Nachsetze:
1172 587 1203 670 7,

57 687 88 769 8,
114 687 150 750 11
175 708 206 750 u.
230 686 282 754 21.
306 686 382 768 9,3,
402 689 451 751 12.
496 686 752 751 Archetium:
773 688 804 769 5,
820 688 850 771 8,
870 689 916 750 12.
941 688 970 770 9,
986 688 1016 770 6,
1033 687 1063 751 6.
1103 686 1204 751 Dafdr

56 786 193 869 wieder,
222 788 282 852 wie
305 786 424 853 Caesar
450 789 516 852 und
538 787 660 866 Livius,
689 789 757 853 iam
784 793 835 852 ut:
863 789 894 872 3,
917 791 946 872 5,
971 790 989 854 7
1019 789 1093 871 (wie
1122 786 1204 853 auch

58 887 164 952 Flor.
187 889 218 966 3,
245 892 272 967 1,
300 891 362 971 18).

142 989 229 1055 Tac.
253 990 283 1054 d.
306 992 326 1055 9
348 995 384 1056 ut
405 1006 446 1038 ω’
469 994 688 1076 prosequatur.
713 1012 790 1056 ann.
813 992 845 1074 4,
868 992 910 1057 33
940 994 1037 1075 utque
1059 991 1203 1057 familiae

58 1091 150 1174 ipsae
172 1091 236 1156 iam
258 1092 419 1157 extinctae
441 1093 517 1157 sint.
551 1093 594 1157 40
616 1113 676 1176 ego
697 1096 735 1156 ut
756 1092 869 1161 sinam.
904 1093 1006 1176 (Aber
1028 1091 1123 1158 Sitne
1145 1094 1205 1158 mit

58 1193 108 1258 ua
137 1192 183 1256 im
204 1192 400 1278 Nachsatae,
430 1195 490 1259 wie
517 1194 551 1258 h.
580 1193 616 1274 2,
639 1195 695 1276 37,
725 1193 797 1257 sind
826 1193 1047 1280 Modalsistze.)
1091 1193 1202 1264 Mart.

60 1297 160 1378 spect.
187 1294 241 1377 16,
265 1295 285 1359 6
312 1317 371 1378 par
398 1317 480 1360 onus
507 1298 544 1359 ut
572 1295 725 1377 tulerint,
760 1295 856 1360 altius
889 1295 951 1360 iste
983 1296 1067 1360 tulit.
1102 1296 1204 1381 epigr.

59 1396 90 1475 2,
105 1396 196 1475 41,4
216 1417 326 1460 verum
349 1399 385 1460 ut
406 1396 522 1462 dixerit
544 1397 693 1461 omnibus
715 1396 842 1482 puellis,
857 1418 922 1461 non
944 1396 1025 1461 dixit
1047 1397 1118 1462 tibi.
1155 1397 1204 1461 lm

61 1497 245 1582 Spitlatein
268 1496 456 1563 allmirhlich
478 1498 748 1563 verschwindend.

145 1603 176 1681 c)
208 1598 270 1664 Die
303 1600 514 1664 verneinte
544 1599 638 1664 Form
667 1601 770 1666 dieser
799 1595 1097 1687 Bedingungssistze
1125 1600 1204 1666 wird

60 1699 266 1787 gewithnlich
288 1701 349 1765 mit
370 1705 405 1765 ut
430 1722 510 1784 noa,
540 1702 642 1766 selten
672 1704 732 1767 mit
753 1725 793 1769 oe
814 1701 965 1789 gebildet.
1010 1702 1088 1768 oio.
1112 1701 1205 1766 Verr.

60 1805 91 1882 5,
109 1804 151 1867 70
171 1805 208 1866 ut
230 1823 291 1887 ego
310 1824 375 1867 non
392 1802 506 1881 dicam,
523 1805 594 1888 quis
610 1804 751 1868 omnium
767 1803 951 1870 mortalium
966 1825 1032 1868 non
1048 1804 1204 1889 intelligit

61 1908 117 1970 ott.
148 1903 230 1968 Phil.
257 1904 304 1984 12,
327 1905 348 1970 3
371 1908 408 1969 ut
434 1925 501 1968 non
523 1903 642 1970 referat
669 1909 797 1990 pedem,
827 1906 954 1970 insistet
981 1909 1075 1972 certe.
1104 1907 1161 1971 fin.
1185 1907 1206 1969 2

61 2010 82 2088 ξ
106 2007 144 2069 11
170 2009 318 2090 certeque
346 2005 444 2070 malet
473 2005 648 2071 existimari
671 2007 773 2072 bonus
796 2007 860 2092 vir,
881 2011 918 2072 ut
939 2028 1005 2071 non
1027 2006 1085 2090 sit,
1108 2029 1206 2092 quam

61 2129 146 2187 esse,
176 2109 212 2171 ut
238 2128 304 2171 non
332 2111 473 2191 putetur.
517 2107 609 2173 Tusc.
635 2109 650 2172 1
679 2109 763 2191 §⁰16
799 2112 835 2173 ut
863 2109 950 2173 enim
983 2131 1049 2174 non
1085 2109 1205 2174 efficias

61 2207 147 2293 quod
170 2208 227 2291 vis,
250 2214 357 2275 tomen
379 2230 464 2273 mors
486 2213 523 2273 ut
545 2210 664 2275 malum
679 2233 746 2276 non
761 2212 804 2275 sit
825 2210 956 2281 efficies.
979 2212 1065 2292 523.
1095 2211 1206 2276 Pom·

61 2310 176 2394 peius
204 2309 255 2374 hei
284 2309 348 2375 oie.
374 2310 414 2375 ad
437 2312 508 2376 Att.
532 2312 563 2394 8,
587 2312 615 2390 6,
638 2313 660 2374 2
681 2334 782 2391 nunc,
810 2317 846 2376 ut
874 2334 935 2396 ego
964 2335 1029 2377 non
1059 2313 1205 2392 scribam,

61 2416 118 2478 tua
140 2415 255 2496 sponte
283 2415 316 2476 te
344 2411 525 2497 intelligere
553 2413 630 2478 scio.
676 2413 830 2478 Derselbe
858 2414 889 2493 8,
915 2414 954 2477 12
977 2436 1005 2496 c,
1031 2416 1112 2489 lut
1139 2435 1206 2478 non

61 2516 196 2599 pugnet,
219 2514 274 2578 sed
297 2513 375 2578 locis
397 2514 464 2578 suis
487 2519 655 2599 repugnet,
680 2514 835 2580 haerebis.
870 2513 979 2580 Caes.
1003 2514 1036 2579 b.
1060 2536 1086 2579 c.
1109 2515 1142 2594 3,
1168 2515 1205 2579 17

61 2619 99 2681 ut
119 2614 201 2680 haee
222 2636 288 2680 non
310 2615 560 2680 remitterentur.
592 2615 672 2682 Liv.
695 2618 725 2700 5,
740 2615 828 2696 53,2
858 2620 895 2680 ut
916 2637 977 2701 ego
1001 2638 1068 2682 non
1091 2615 1205 2694 dicam,

62 2737 218 2802 apparere
251 2717 342 2782 vobis
374 2721 452 2802 puto
484 2718 558 2804 (wie
592 2718 675 2783 oben
704 2716 770 2783 (lic.
800 2716 892 2783 Verr.
921 2720 957 2801 5,
987 2719 1052 2801 70).
1084 2718 1143 2799 38,
1170 2718 1207 2781 17

63 2819 207 2903 (Gallos)
236 2818 298 2898 sol,
334 2819 454 2903 pulvis,
488 2819 573 2904 sitis,
607 2823 643 2884 ut
676 2820 795 2884 ferrum
826 2841 890 2884 non
920 2820 1106 2900 admoveas,
1136 2840 1208 2904 pro·

63 2925 220 2986 sternunt.
244 2921 294 3000 38,
310 2921 351 2985 46
366 2925 483 2985 utnon
500 2921 563 2986 tela
578 2922 790 2986 mitterent-
801 2922 934 2987 obruere
948 2944 1008 2986 nos
1023 2925 1208 3005 potueruut.

64 3023 168 3087 Laut.
191 3022 324 3104 3,13‚9
346 3027 383 3088 ut
406 3045 469 3088 non
495 3024 607 3095 dicam.
646 3023 798 3089 Dasselbe
820 3024 897 3107 opif.
920 3026 950 3102 3,
973 3024 1002 3086 4.

148 3121 294 3187 Seltener
325 3123 411 3189 steht
442 3146 482 3190 oe
514 3124 578 3189 und
612 3123 697 3188 wohl
730 3124 820 3190 nicht
850 3146 908 3189 vor
929 3118 1093 3190 Cicero:
1126 3127 1206 3187 orat.

64 3227 167 3309 §101
201 3246 297 3290 nemo
329 3226 371 3307 is,
406 3226 547 3310 inquies,
577 3248 716 3311 unquam
745 3226 817 3291 fuit
861 3225 910 3292 Ne
939 3225 1045 3293 fuerit.
1074 3223 1208 3289 acad2

64 3329 150 3411 §84
176 3349 277 3414 negas
305 3330 429 3391 tantam
457 3327 699 3392 similitudinem
728 3327 761 3391 in
787 3349 892 3392 rerum
921 3329 1037 3390 natura
1065 3329 1134 3390 esse‘
1158 3363 1207 3389 —-.

65 3430 115 3495 Ne
138 3431 181 3494 sit
204 3450 296 3494 sane:
320 3429 420 3492 videri
444 3432 528 3493 certe
551 3433 669 3512 potest.
712 3427 842 3493 Tusc2
864 3432 884 3510 ξ
904 3430 940 3492 14
963 3450 1026 3515 qua
1048 3449 1082 3492 re
1104 3448 1146 3491 ne
1166 3427 1209 3491 sit

66 3554 146 3596 sane
168 3552 327 3596 summum
349 3529 467 3594 malum
490 3526 590 3607 dolor,
607 3531 727 3594 malum
751 3535 837 3595 certe
859 3534 916 3594 est.
940 3552 972 3593 n.
988 3529 1016 3595 d.
1035 3531 1050 3594 1
1075 3529 1151 3611 §88
1166 3550 1208 3592 ne

66 3635 109 3699 sit
130 3633 232 3720 igitur
254 3633 318 3713 sol,
348 3653 388 3695 ne
411 3631 503 3714 luna,
526 3653 568 3695 ne
590 3632 709 3696 stellae.
743 3630 826 3697 Liv.
849 3632 902 3714 31,
926 3633 954 3714 7,
977 3631 996 3695 8
1027 3653 1069 3696 ne
1098 3651 1208 3714 aequa·

67 3735 179 3800 veritis
193 3732 370 3799 Hannibali
385 3732 582 3816 Philippum,
606 3754 646 3797 ne
664 3732 987 3818 Carthaginiensibus
1003 3732 1209 3797 Macedonasz

71 3835 195 3922 Pyrrho
211 3840 296 3902 certe
312 3834 502 3918 aequabitis.
524 3834 575 3913 32,
592 3834 644 3917 21,
661 3833 699 3898 21
725 3857 765 3899 ne
788 3835 854 3899 sint
868 3856 943 3898 vera
964 3837 1020 3898 ott.
1034 3871 1073 3882 -
1086 3833 1212 3898 Weiter

66 3940 108 4003 iet
130 3937 237 4003 nichts
259 3936 414 4002 bekannt.
966 3975 970 3982 -

152 4039 187 4124 d)
209 4037 270 4103 Die
292 4037 471 4122 temporale
486 4036 630 4102 Partikel
653 4039 724 4102 dum
749 4038 807 4102 mit
829 4038 900 4105 dem
916 4036 1112 4121 Oonjunctiv
1130 4036 1208 4100 wird

66 4140 115 4205 oft
135 4138 327 4225 gebraucht,
350 4162 404 4204 um
427 4140 499 4204 eine
527 4137 789 4225 gewdnsohte
815 4138 1061 4233 Bodingung
1089 4137 1210 4202 welche

66 4243 126 4306 den
151 4239 262 4307 Inhalt
284 4241 339 4306 des
361 4240 576 4324 Hauptsatzes
604 4240 826 4323 einsehrinkt,
859 4239 1112 4318 ausnudriicken,
1136 4239 1209 4304 bald

67 4344 127 4407 mit
148 4343 413 4430 hiunugefflgtem
440 4344 547 4422 modo,
576 4341 648 4406 bald
672 4340 757 4406 ohne
779 4340 932 4407 desselbe.
977 4339 1050 4404 Wir
1072 4344 1207 4406 trennen

67 4444 117 4509 die
139 4445 299 4529 positivcn
324 4442 418 4511 Sitne
440 4467 503 4509 von
527 4444 589 4509 den
611 4444 794 4529 negativen.
