2850 5062
683 336 914 402 -514-

228 513 350 576 nosque
378 491 465 575 ipsos
492 491 642 577 redargui
670 491 837 576 refellique
864 490 1037 575 patiamur.
1088 489 1186 566 Quod
1216 492 1240 555 ii
1274 492 1368 555 lemni

229 596 335 657 animo
357 594 476 677 iniquo,
499 595 552 677 qui
575 597 631 658 cu.
655 596 676 675 ᾖ
698 593 718 656 6
740 593 851 657 eadem
873 595 959 657 enim
981 592 1134 657 dicuntur
1156 615 1177 656 a
1201 593 1318 673 multis,
1337 616 1366 656 ex

229 716 291 778 quo
326 695 417 759 libris
450 696 559 759 omnia
592 695 797 759 referserunt.
843 693 934 769 Quod
965 695 1089 759 accidet
1122 696 1223 759 etiam
1250 695 1364 760 nostris.

229 796 320 860 Eben'
344 817 378 859 ao
400 797 432 877 5,
457 799 484 879 1,
509 800 520 860 1
548 797 613 861 und
637 796 759 860 iiberall
782 795 901 880 haufig.

313 896 446 962 Sodann
467 898 545 962 wird
569 898 636 962 dies
658 899 742 980 quod
763 896 863 962 durch
885 899 980 962 einen
1010 897 1285 962 erklfirenden
1306 897 1362 960 Zu·

228 1004 312 1065 sata
335 1001 503 1065 erweitert.
542 1000 731 1064 Abzuleiten
753 1001 797 1063 ist
818 999 885 1063 dies
907 1021 964 1064 aus
994 1000 1182 1064 demselben
1205 1000 1358 1064 Gebraueh

166 1131 175 1146 ·
229 1102 312 1166 beim
336 1101 657 1184 Demonstrativ,
681 1101 737 1165 der
759 1100 839 1164 auch
863 1101 907 1165 im
929 1100 1160 1166 Grieehisehen
1186 1102 1359 1174 vorkommt,

235 1207 296 1269 wie
318 1204 400 1268 Plat.
424 1202 576 1267 Phaedon
604 1204 654 1270 97.
700 1202 766 1267 Cio.
791 1203 881 1266 acad.
912 1203 948 1280 2,
971 1203 1028 1284 24,
1053 1204 1093 1266 18
1117 1204 1174 1267 sed
1197 1205 1229 1266 id
1251 1205 1359 1267 omitia·

228 1329 308 1371 mus.
353 1305 436 1369 Illud
460 1307 545 1369 certe
571 1343 607 1353 —
630 1305 784 1388 sequitur,
813 1305 955 1368 omnium
984 1306 1210 1369 assensionum
1231 1304 1358 1369 retentio.

229 1408 308 1474 Hier
339 1408 432 1471 weist
462 1407 543 1472 illud
574 1406 630 1470 aui
661 1407 718 1469 das
741 1405 1010 1491 Voraufgehende
1044 1407 1180 1471 zurdck:
1218 1406 1295 1471 nulli
1323 1406 1358 1468 rei

227 1530 430 1575 assensurum
453 1530 523 1572 esse
545 1509 733 1592 sapientem,
762 1507 838 1571 wird
868 1508 944 1571 aber
971 1506 1141 1572 hinterher
1169 1507 1255 1572 noch
1276 1506 1358 1571 durch

226 1612 321 1676 einen
357 1608 652 1673 substantivischen
676 1608 792 1673 Zusatz
829 1609 957 1673 erklart.
1003 1609 1106 1694 (Aber
1142 1609 1235 1674 nicht
1262 1608 1298 1673 de
1322 1631 1358 1672 or.

228 1715 258 1796 1,
284 1715 334 1794 17,
360 1713 410 1793 15,
439 1733 489 1775 wo
518 1714 597 1775 stati
623 1699 699 1778 laec
723 1711 807 1794 jetat
832 1712 914 1792 qaae
942 1711 1071 1794 gelesen
1107 1710 1215 1796 wird.)
1256 1710 1359 1776 Natur-

176 1840 182 1850 ·
225 1814 291 1880 lioh
314 1814 401 1877 kann
425 1812 476 1876 die
498 1812 684 1897 Epexegese
713 1811 795 1876 auch
824 1813 877 1876 ein
905 1811 1051 1876 Infinitiv
1081 1810 1147 1875 und
1178 1813 1230 1876 ein
1259 1834 1361 1897 gauter

227 1916 303 1981 Sata
333 1915 418 1979 sein:
464 1913 557 1977 Tusa.
584 1917 616 1992 1,
639 1914 690 1988 31,
720 1914 763 1977 90
788 1935 884 1978 sensu
913 1917 1091 1997 perempto.
1138 1917 1185 1976 At
1214 1915 1248 1978 id
1273 1917 1362 1997 ipsum

226 2017 370 2080 odiosum
397 2018 454 2094 est,
478 2016 546 2078 sine
569 2036 665 2079 sensu
687 2037 766 2079 esse.
811 2018 831 2097 ἕ
854 2016 895 2079 93
922 2019 958 2079 at
978 2017 1014 2080 id
1041 2014 1172 2098 quidem
1201 2015 1235 2078 in
1264 2015 1364 2080 ceteris

225 2118 319 2183 rebus
342 2117 456 2181 melius
479 2119 617 2200 putatur,
641 2116 781 2201 aliquam
796 2121 921 2200 partem
942 2138 1038 2200 quarn
1061 2116 1186 2181 nullam
1208 2118 1366 2202 attingere.

226 2221 265 2284 de
288 2241 333 2283 or.
357 2220 393 2297 3,
415 2218 476 2297 44,
506 2218 566 2282 113
596 2239 747 2283 numeros
773 2218 928 2301 quosdam
958 2219 1052 2282 nobis
1079 2240 1149 2283 esse
1179 2219 1367 2283 adhibendos

227 2323 422 2406 putaverunt
453 2358 495 2366 -
530 2357 564 2366 —
601 2322 698 2402 idque
730 2320 879 2403 princeps
915 2320 1069 2384 Isocrates
1103 2321 1286 2385 instituisse
1316 2323 1369 2386 ier·

226 2427 291 2504 tur,
316 2426 351 2486 ut
372 2421 571 2485 inconditam
595 2422 796 2504 antiquorum
821 2421 948 2484 dicendi
977 2410 1313 2487 consuetudinem-¹
1337 2461 1371 2471 -

226 2523 373 2588 numeris.
400 2521 625 2606 adstringeret.
678 2521 858 2586 Aehnliahe
880 2522 1002 2587 Stellen
1030 2523 1119 2588 sind:
1164 2546 1198 2587 n.
1223 2525 1255 2593 d.
1279 2527 1315 2603 3,
1339 2527 1373 2589 10

226 2627 267 2690 26
291 2629 357 2707 (wo
380 2625 457 2688 aber
479 2624 529 2687 die
545 2622 730 2708 Epexegese
753 2644 816 2686 von
832 2623 941 2689 Baiter
962 2624 1010 2687 als
1026 2624 1173 2688 Glossem
1198 2627 1375 2692 betraohtet

225 2728 329 2808 wird.)
372 2726 436 2788 div.
463 2728 492 2807 1,
515 2726 565 2804 30,
589 2726 631 2790 63
653 2725 717 2789 und
740 2726 789 2789 64.
835 2727 874 2790 de
895 2726 964 2790 fato
989 2727 1038 2807 18,
1061 2726 1115 2788 41.
1160 2728 1314 2813 ο11.3,5,
1336 2730 1373 2794 23

224 2830 369 2895 uiliter.
415 2826 524 2892 Caes.
547 2826 578 2889 b.
601 2847 632 2909 g.
660 2829 686 2908 1,
708 2829 738 2903 5,
765 2830 790 2895 l.
837 2828 886 2910 13,
908 2827 940 2890 2.
983 2827 1014 2907 5,
1035 2827 1069 2907 4,
1092 2828 1124 2891 4.
1173 2827 1259 2894 Liv.
1277 2832 1308 2910 8,
1330 2833 1376 2908 38,

224 2933 253 2994 7.
299 2929 529 3011 Vell.2,l5,
557 2930 583 2992 1.

309 3035 362 3096 An
391 3032 442 3095 die
470 3028 568 3096 Stelle
597 3030 684 3094 eines
713 3029 842 3094 solahen
872 3030 1084 3114 explieativeu
1118 3030 1378 3099 Demonstrativs

222 3135 296 3199 tritt
318 3157 385 3199 mm
409 3134 464 3197 das
479 3131 657 3214 Relativ,
680 3132 754 3195 sehr
776 3132 877 3196 aelten
893 3131 977 3196 noch
993 3133 1059 3196 und
1074 3155 1137 3196 nur
1159 3134 1194 3198 in
1220 3139 1378 3220 gewisseo

223 3235 335 3300 Fiillen
360 3238 400 3315 (s.
424 3236 538 3317 unten)
563 3235 612 3296 bei
637 3233 893 3298 vorklassisohen
912 3237 1076 3318 Auletes,
1105 3236 1194 3299 diter
1216 3239 1298 3303 aber
1320 3240 1380 3304 seit

223 3336 379 3402 Cicero:
424 3334 514 3400 Verr.
538 3336 568 3412 4,
592 3337 634 3400 56
664 3357 774 3401 vereor
801 3359 842 3400 ne
864 3374 904 3384 —
928 3337 1036 3400 omnia
1058 3358 1110 3400 me
1132 3339 1234 3403 nimis
1259 3363 1379 3427 augere

223 3443 320 3522 atque
343 3458 456 3501 ornare
480 3439 689 3520 arbitrentur3
719 3438 803 3521 quod
833 3442 941 3502 tamen
971 3460 1067 3501 nemo
1089 3440 1250 3522 suspicari
1274 3444 1378 3519 debet,

223 3545 290 3604 tam
319 3561 389 3605 esse
416 3561 468 3603 me
497 3539 658 3622 cupidum,
690 3544 725 3604 ut
745 3543 798 3604 tot
817 3539 904 3604 viros
924 3540 1097 3623 primarios
1120 3541 1219 3605 velim
1242 3582 1288 3592 -
1310 3567 1379 3609 esse

221 3642 397 3705 temeritati
425 3646 459 3704 et
484 3639 651 3704 mendacio
679 3662 750 3704 meo
780 3641 935 3705 conscios.
981 3664 1013 3724 p.
1037 3641 1130 3707 (laec.
1155 3644 1199 3708 25
1221 3666 1300 3709 nam
1324 3648 1376 3730 qui

222 3743 270 3805 ius
294 3742 388 3806 civile
412 3742 683 3807 contemnendum
706 3747 798 3826 putat
819 3746 876 3807 ott.
903 3782 941 3790 -
965 3745 1112 3826 —quod
1142 3746 1236 3809 vobis
1266 3750 1378 3813 venire

222 3842 256 3905 in
284 3847 423 3907 mentem
453 3844 597 3927 profecto
625 3865 754 3907 neeesse
789 3850 852 3925 est,
881 3843 963 3908 nihil
992 3866 1060 3908 esse
1088 3846 1123 3908 in
1152 3847 1287 3912 civitate
1310 3855 1376 3914 tam

222 3942 394 4028 diligenter
415 3967 510 4027 quam
536 3947 584 4009 ius
607 3944 699 4009 civile
721 3945 933 4010 retinendum.
978 3946 1071 4011 Eben
1100 3969 1136 4010 so
1163 3950 1226 4013 mit
1248 3950 1377 4035 folgen-

221 4044 619 4110 demInfinitivsatz:
662 4048 719 4113 fin.
741 4047 771 4129 2,
793 4049 828 4128 4,
853 4048 902 4112 12.
948 4047 1033 4132 legg.
1056 4048 1091 4125 2,
1114 4049 1168 4131 23,
1191 4051 1244 4115 60.
1292 4055 1323 4129 3,
1346 4055 1375 4130 9,

220 4146 271 4211 21.
316 4147 401 4211 [ael.
429 4150 484 4226 15,
512 4149 563 4213 53.
608 4153 687 4212 orat.
711 4149 769 4230 63,
795 4148 868 4212 210.
911 4149 988 4213 fam.
1014 4150 1067 4230 13,
1097 4152 1141 4214 40
1162 4152 1189 4214 si
1212 4152 1282 4217 ulla
1304 4177 1377 4220 mea

220 4249 302 4330 apud
340 4253 372 4311 te
405 4250 642 4313 commendatio
676 4250 790 4332 valuit,
828 4250 911 4333 quod
945 4251 1011 4314 scio
1046 4251 1165 4315 multas
1195 4254 1374 4336 plurimum

222 4348 369 4427 valuisse,
392 4350 471 4414 haee
492 4354 529 4415 ut
550 4350 655 4414 valeat
675 4372 765 4434 rogo.
811 4352 878 4414 Auf
904 4354 988 4433 quod
1013 4352 1100 4436 folgt
1121 4354 1174 4417 ein
1197 4355 1375 4421 indirecter

219 4447 407 4533 Fragesatz:
444 4474 475 4515 n.
499 4452 530 4515 d.
559 4453 594 4534 2,
628 4453 648 4514 9
677 4452 866 4537 refrigerato
897 4490 936 4499 —-
968 4454 1073 4517 calore
1102 4456 1281 4520 occidimus
1311 4460 1373 4543 ipsi
