2932 5056
562 359 599 368 -
646 319 792 386 231-

103 471 340 556 dingungssatz
363 471 416 535 ist.
455 470 565 535 hucr.
593 474 618 550 1,
646 472 704 535 193
734 472 796 535 huc
825 472 946 536 accedit
968 473 1017 536 uti
1038 511 1080 521 -
1102 478 1250 557 nequeat

100 572 180 636 Cic.
205 571 300 637 Rosc.
325 576 399 636 Am.
430 573 480 651 31,
509 573 550 637 86
583 572 680 657 quid?
718 573 746 637 si
779 574 902 638 accedit
933 574 1042 638 eodem
1077 578 1114 638 ut
1145 577 1250 639 tenuis

101 678 178 738 ante
212 673 334 738 fueris?
369 675 462 758 quid,
491 675 520 737 ai
548 678 584 738 ut
611 674 749 738 avarus?
783 678 838 739 ott.
883 674 974 739 Verr.
1003 677 1034 758 2,
1060 677 1099 740 12
1121 677 1149 741 61
1178 699 1251 742 vero

98 775 180 839 illud
215 798 343 860 quoque
376 774 499 839 accedit
526 779 563 839 ut
592 776 627 840 in
656 796 693 840 ea
721 777 816 841 verba
844 782 974 861 praetor
1006 777 1158 843 iudicium
1185 779 1249 844 det.

99 902 131 961 p.
158 877 260 942 Balbo
284 879 336 956 28,
359 879 401 942 65
422 878 553 942 accedat
574 878 674 942 etiam
696 877 772 941 illud
795 884 832 943 ut
853 881 1003 944 statuatis
1026 883 1081 944 ott.
1119 903 1149 965 p.
1167 880 1249 946 Mur.

99 980 143 1042 22
171 981 296 1044 accedit
329 978 440 1043 eodem
467 984 504 1044 ut
538 980 634 1043 etiam
662 980 730 1062 ipse
760 979 947 1044 candidatus
976 985 1079 1045 totum
1108 983 1249 1046 animum

100 1117 142 1129 -
166 1083 199 1146 in
223 1081 382 1166 petitione
405 1102 469 1145 non
494 1081 596 1165 possit
617 1102 746 1165 ponere.
789 1103 821 1164 p.
847 1080 951 1164 Dejot.
977 1086 1005 1162 1,
1028 1082 1049 1145 2
1071 1083 1193 1147 accedit
1214 1087 1251 1148 ut

104 1221 139 1230 —
167 1183 349 1247 conturber.
395 1182 477 1246 Phil.
501 1184 532 1266 2,
556 1184 608 1264 21),
632 1182 674 1246 62
696 1185 830 1247 accessit
858 1187 956 1246 ut-
979 1185 1133 1268 magister
1161 1186 1246 1270 equi-

102 1292 171 1349 tum
188 1286 445 1350 constitueretur.
483 1284 578 1349 Tusc.
604 1287 631 1366 1,
659 1284 836 1349 reaccedit
856 1289 893 1348 ut
916 1307 953 1349 eo
974 1284 1101 1350 facilius
1124 1289 1249 1351 animus

103 1388 220 1452 evadat
242 1408 281 1451 ax
304 1387 524 1451 11666616-
547 1386 631 1469 quod
655 1385 735 1450 nihil
759 1391 808 1450 est
830 1388 938 1451 animo
962 1388 1111 1456 velocius.
1149 1388 1188 1453 de
1204 1411 1248 1453 or.

103 1490 135 1567 2,
158 1490 200 1553 48
223 1488 394 1553 accedebat
421 1492 457 1552 ut
478 1488 555 1552 hacc
582 1526 617 1534 —
642 1488 731 1572 queri
757 1510 880 1552 summa
909 1511 981 1552 cum
1004 1490 1163 1574 dignitate
1186 1491 1249 1554 exi·

103 1591 282 1655 stimarere.
328 1591 367 1653 de
390 1613 456 1654 sen.
480 1591 500 1652 6
522 1590 559 1653 ad
584 1590 684 1673 Appii
706 1589 830 1654 Claudii
858 1594 1054 1655 senectutem
1078 1591 1249 1656 accedebat

104 1694 203 1756 etiam
226 1695 262 1756 ut
284 1713 397 1756 caecus
419 1696 511 1756 esset.
556 1692 630 1754 fam.
653 1693 684 1772 5,
712 1693 759 1771 12,
782 1692 801 1756 8
820 1692 946 1756 accedit
967 1692 1064 1757 etiam
1087 1696 1123 1756 ut
1145 1694 1250 1758 minor

102 1794 147 1859 sit
170 1794 260 1859 fides.
306 1794 377 1856 Att.
401 1794 430 1871 3,
453 1793 483 1871 8,
509 1796 524 1855 1
549 1794 697 1876 accessit,
728 1815 799 1856 cum
821 1792 1013 1876 Dyrrhachii
1035 1815 1185 1873 essemus,
1214 1799 1251 1860 ut

102 1896 167 1960 duo
194 1895 301 1959 nuntii
336 1895 533 1959 afferrentur.
584 1894 755 1959 Plancus
784 1918 835 1982 ap.
865 1894 931 1961 cic.
961 1895 1036 1960 fam.
1069 1897 1119 1980 10,
1147 1897 1200 1977 21,
1228 1900 1249 1960 4

102 1999 242 2063 accessit
264 2018 301 2062 eo
324 2002 361 2061 ut
381 2035 423 2045 -
446 1997 686 2062 conclamarint.
731 1996 781 2061 Ob
804 1997 913 2063 Cicero
943 1997 994 2061 die
1017 1996 1248 2063 Construction

100 2101 165 2164 mit
186 2101 271 2181 qaod
291 2099 438 2163 wirklich
460 2098 605 2184 hiiufiger
626 2098 684 2163 hat
706 2098 753 2162 als
776 2098 827 2162 die
849 2099 909 2162 mit
930 2103 981 2183 ut,
1012 2099 1055 2163 ist
1077 2100 1140 2163 mir
1161 2099 1246 2165 noch

100 2200 253 2286 fraglich.
296 2200 452 2286 Htufiger
480 2200 658 2285 gebraucht
685 2202 766 2265 auch
796 2199 942 2265 Caesar
973 2199 1065 2266 nicht
1093 2201 1143 2265 die
1172 2201 1248 2266 Par·

99 2303 183 2367 tikel
209 2305 311 2384 qaod·
349 2325 383 2367 er
412 2305 493 2366 setzt
526 2305 571 2367 sie
598 2303 779 2387 regelrecht
810 2302 892 2366 nach
923 2303 1122 2367 praeteritis:
1157 2304 1186 2368 b.
1215 2326 1247 2389 g.

97 2412 135 2489 4,
160 2405 209 2470 16.
239 2405 269 2483 5,
293 2406 323 2468 6.
353 2404 383 2468 b.
408 2426 433 2469 o.
457 2406 487 2487 3,
512 2405 562 2469 19.
593 2404 674 2469 Hier
696 2404 808 2488 folgen
832 2404 953 2468 iiberall
976 2405 1033 2468 auf
1052 2405 1138 2484 quod
1158 2403 1248 2468 Plus·

98 2506 358 2591 quamperfecta:
387 2505 527 2588 dixerat,
549 2529 583 2570 se
605 2510 784 2590 receperat,
807 2506 1013 2589 discesserat,
1042 2505 1098 2570 der
1119 2504 1246 2570 Neben-

100 2614 173 2673 satz
202 2607 328 2673 enthitlt
361 2608 428 2672 also
457 2608 529 2672 eine
557 2608 674 2672 bereits
707 2607 816 2672 friiher
850 2608 1029 2673 vellendete
1057 2606 1248 2697 Thatsache,

101 2732 167 2774 von
195 2710 253 2774 der
280 2732 347 2774 nun
376 2714 551 2795 ausgesagt
573 2710 666 2790 wird,
696 2708 768 2774 dass
797 2710 843 2773 sie
871 2712 930 2774 mit
956 2711 991 2774 in
1013 2709 1181 2796 Anscblag
1209 2733 1247 2774 au

103 2813 241 2897 bringeri
274 2833 350 2875 war.
402 2812 511 2877 Etwas
546 2810 749 2875 abweichend
783 2811 854 2875 sind
886 2834 955 2876 nun
988 2811 1039 2875 die
1072 2812 1246 2897 folgenden

103 2913 228 2979 Stellen
250 2914 383 2978 mitat:
406 2913 436 2976 b.
460 2936 490 2999 g.
514 2915 545 2997 3,
571 2915 609 2977 13
632 2913 804 2978 accedebat
825 2917 923 2978 ut-
938 2917 1163 2997 tempestatem
1187 2914 1247 2979 fer·

102 3022 176 3080 rent
203 3015 330 3080 facilius
359 3016 544 3101 („ertragen
578 3016 765 3096 konnten‘¹).
808 3016 838 3089 5,
864 3016 903 3079 16
925 3015 1098 3080 accedebat
1128 3016 1190 3081 huc
1212 3021 1248 3080 ut

104 3140 270 3203 nunquam
308 3117 442 3183 conferti
476 3156 518 3165 -
551 3117 783 3201 proeliarentur
821 3118 1037 3202 stationesque
1074 3116 1247 3201 dispositas

105 3221 261 3284 haberent
288 3223 346 3283 611.
390 3220 419 3283 b.
444 3241 470 3284 6.
494 3223 525 3303 3,
547 3219 589 3282 24
611 3218 650 3282 ad
673 3217 734 3283 hoc
764 3219 990 3284 detrimentum
1013 3203 1112 3283 ut‘-
1135 3221 1246 3302 aquari
1345 3245 1347 3248 ⁴

104 3322 360 3406 prohiberentur.
405 3321 443 3385 In
466 3322 573 3386 diesen
597 3319 664 3384 drci
687 3318 808 3387 Stellen
837 3320 961 3386 werden
985 3320 1077 3385 nicht
1104 3321 1247 3385 einzelne

104 3424 203 3488 achon
232 3423 346 3487 fruber
378 3422 580 3507 geschehene
610 3422 829 3506 Thatsachen,
867 3421 1006 3487 sondern
1041 3444 1103 3486 neu
1136 3421 1246 3486 hinzu-

104 3525 294 3590 kommende
321 3522 479 3589 Zustiinde
508 3524 664 3589 erwthnt.
711 3525 797 3589 Aber
825 3523 913 3587 hatte
941 3524 1057 3588 Caesar
1084 3525 1168 3604 quod
1191 3545 1245 3608 ge·

104 3628 289 3708 schrieben,
320 3648 356 3690 so
387 3626 494 3691 wilrde
522 3627 578 3691 das
606 3627 733 3690 keinem
762 3625 989 3689 6611611611-
1015 3623 1107 3688 Bell.
1136 3624 1244 3710 Hisp.

104 3729 311 3795 8accedebat
326 3728 387 3793 huc
410 3734 445 3794 ut
468 3728 596 3813 longius
619 3728 736 3793 bellum
759 3728 888 3792 duceret
904 3727 1084 3810 Pompeius.
1121 3728 1246 3791 41111111

104 3836 269 3916 praeterea
292 3830 465 3895 accedebat
486 3834 522 3894 ut
547 3870 579 3877 -
606 3852 674 3895 non
702 3829 943 3913 reperiebantur
966 3828 1246 3910 (wahrscheinlich

106 3934 306 4014 verdorben).
363 3931 419 3997 Bei
448 3933 602 3998 Sallust
637 3954 698 3995 nur
734 3933 794 3995 mit
830 3932 929 4012 quod:
965 3931 1034 3995 Cat.
1068 3934 1116 4014 11,
1146 3932 1176 3999 5.
1205 3970 1245 3979 —

91 4024 179 4102 htv.
203 4036 235 4118 8,
260 4035 314 4117 29,
340 4037 355 4097 1
378 4036 513 4099 accessit
526 4038 562 4098 ut
583 4038 617 4098 et
631 4032 783 4097 Vestinus
805 4032 941 4116 populus
957 4029 1156 4097 Samnitibus
1178 4055 1246 4097 sese

105 4140 327 4223 coniungeret.
371 4136 649 4218 Ε116116ο23,4,
673 4135 702 4198 6.
733 4134 783 4212 28,
808 4134 857 4216 12,
881 4135 898 4198 'l
921 4133 962 4198 ad
992 4138 1097 4198 cetera
1117 4134 1149 4197 id
1172 4157 1246 4219 quo-

104 4261 161 4322 que
189 4242 372 4304 accesserat
403 4243 439 4303 ut
465 4261 506 4303 ne
529 4239 636 4302 alendi
657 4236 784 4320 quidem
806 4238 965 4300 exercitus
990 4273 1027 4283 -
1051 4257 1123 4319 spes
1151 4241 1245 4302 esset.

105 4379 139 4389 -
171 4341 275 4407 Vell.
303 4340 333 4420 2,
356 4340 450 4423 22,5
477 4340 509 4404 id
543 4361 667 4423 quoque
700 4338 834 4401 accessit
866 4341 901 4401 ut
934 4337 1084 4402 saevitiae
1116 4326 1245 4402 causam

102 4445 238 4511 avaritia
261 4442 439 4527 praeberet.
467 4481 501 4489 -
529 4444 596 4506 Aus
618 4443 761 4524 spiiterer
782 4438 852 4504 Zeit
873 4439 960 4504 kann
988 4439 1040 4504 ich
1063 4439 1168 4504 nichts
1191 4462 1246 4504 an·
