2850 5062
678 313 911 380 -558-

222 474 364 535 versatae
387 473 472 547 sunt,
496 472 604 532 tamen
627 472 787 533 aratorum
810 469 954 533 interitio
976 467 1065 533 facta
1089 469 1178 535 nulla
1199 476 1253 535 est.
1291 473 1342 552 5‚‘2
1400 470 1401 473 ’

218 593 258 636 ne
291 594 362 636 eum
395 572 428 635 in
461 569 571 635 Sicilia
604 570 732 654 quidem
765 569 913 656 (bellum)
943 571 1025 654 fuit,
1061 572 1173 636 eodem
1199 574 1344 637 intervallo

218 696 294 757 pars
317 675 383 739 eins
407 674 483 738 belli
506 674 540 737 in
563 671 690 736 Italiam
718 672 785 736 ulla
812 673 961 756 pervasit.
1007 671 1104 737 Catil.
1129 679 1161 751 1,
1190 675 1297 739 scum
1315 711 1345 722 —
1412 738 1413 746 ,

217 777 366 855 voluisti,
391 776 573 860 compressi.
618 780 700 858 post.
722 774 788 838 red.
817 773 856 837 ad
878 773 966 849 Quir.
990 776 1011 839 6
1040 797 1112 841 cum
1144 799 1204 862 ego
1230 778 1291 840 afui
1317 815 1345 823 -

217 877 383 942 habuistis.
441 880 461 942 9
491 900 562 942 cum
602 876 748 940 custodes
784 877 862 960 reip.
895 898 965 941 esse
1002 878 1197 962 debuerunt,
1233 880 1349 942 salntem

219 1001 323 1044 meam
346 980 557 1044 vendiderunt
579 983 681 1059 (wozu
703 978 754 1042 die
775 978 922 1042 falschen
945 977 1178 1043 Correcturen:
1215 980 1350 1044 deberent

219 1081 283 1145 und
307 1081 508 1163 debuerant).
551 1102 618 1163 rep.
648 1080 683 1157 3,
711 1078 753 1142 32
779 1100 859 1163 quae
888 1080 974 1170 enim
1003 1081 1068 1144 fuit
1095 1086 1164 1145 tum
1193 1081 1353 1145 Athenien·

218 1184 299 1247 sium
331 1204 392 1266 res,
423 1204 495 1247 cum
520 1220 557 1230 —
580 1181 797 1265 praefuerunt.
842 1180 932 1245 Brut.
964 1181 1005 1245 96
1036 1185 1148 1265 putari
1171 1222 1212 1232 —
1242 1186 1354 1248 cumtu

218 1285 338 1349 afuisti.
384 1287 455 1348 Att.
485 1284 538 1364 13,
562 1284 619 1365 49,
642 1283 662 1345 2
685 1282 779 1346 Gallo
809 1284 953 1365 narravi,
976 1305 1049 1347 eum
1077 1286 1226 1368 proxime
1248 1285 1355 1349 Romae

218 1386 275 1451 fui.
300 1424 336 1433 —-
362 1391 430 1450 Aus
453 1384 570 1449 Caesar
592 1383 658 1447 und
681 1382 800 1447 Sallust
822 1384 901 1448 wird
916 1385 1023 1449 nichts
1047 1387 1149 1469 citirt;
1173 1387 1260 1450 dann
1283 1387 1355 1450 Lis.

221 1491 250 1566 2,
273 1489 325 1570 40,
349 1490 366 1551 1
390 1509 456 1552 non
480 1486 538 1550 tibi
561 1523 601 1547 -.
626 1506 698 1549 cum
720 1486 754 1549 in
777 1491 952 1569 conspectu
974 1486 1079 1550 Roma
1102 1488 1180 1568 fuit,
1205 1489 1356 1552 succurrit.

218 1590 275 1668 34,
299 1591 335 1671 3,
360 1591 389 1653 7.
433 1590 485 1672 45,
507 1589 564 1671 34,
589 1588 629 1650 10
651 1608 721 1650 curn
745 1587 824 1651 heco
846 1625 888 1634 -
910 1593 1001 1672 gesta
1023 1593 1115 1667 sunt,
1140 1591 1241 1674 legati
1263 1611 1358 1674 parre

219 1697 346 1755 nerunt.
392 1689 522 1774 Nepos
547 1689 997 1768 ll,2,4cum-voluit.
1046 1690 1358 1775 16,4,3Spartan

223 1815 295 1857 curn
318 1793 527 1878 oppugnavit.

301 1895 330 1957 2.
374 1892 614 1976 Temporalsatz
642 1893 686 1955 im
718 1891 816 1960 Perf.
847 1894 924 1957 oder
959 1893 1092 1959 Praas.
1123 1893 1279 1978 histor,
1314 1894 1360 1958 der

220 1995 399 2079 Hauptsatz
435 1994 479 2057 im
516 1993 674 2077 Imperf.
712 1994 788 2058 oder
830 1994 1284 2080 Plusquamperfectum
1318 1998 1359 2059 be

220 2096 366 2161 aeiohnet
387 2095 482 2159 einen
505 2093 711 2179 gleichzeitig
733 2094 834 2160 sehon
856 2097 1073 2170 beatehenden
1097 2097 1254 2163 Zustand.

303 2199 336 2281 a)
373 2195 554 2267 Nebensatz
582 2195 628 2259 irn
651 2195 768 2281 Part,
791 2197 970 2282 Hauptsata
992 2200 1037 2262 im
1059 2199 1297 2283 Imperfect:
1319 2199 1360 2263 Pl.

218 2298 386 2365 11111846
420 2298 557 2363 etiamne
586 2298 619 2361 in
654 2319 708 2361 ara
736 2303 812 2363 tunc
842 2301 996 2365 sedebant
1018 2301 1189 2386 mulieres,
1211 2300 1360 2387 quomod

218 2424 268 2467 me
290 2401 462 2486 prolectu's
484 2399 556 2464 ire?
600 2399 675 2465 Cic.
700 2422 731 2483 p.
755 2400 872 2467 Flacco
904 2404 942 2467 13
969 2405 1146 2487 praedones
1180 2410 1265 2482 tum,
1300 2424 1361 2468 cum

217 2505 266 2568 illi
295 2504 413 2569 bellum
446 2503 642 2566 maritimum
675 2503 849 2586 gerendum
884 2504 992 2568 datum
1026 2509 1090 2588 est,
1118 2510 1191 2570 toto
1225 2508 1306 2570 mari
1327 2543 1362 2552 —

220 2607 435 2689 vagabantur.
481 2602 564 2669 Phil.
587 2604 617 2686 2,
641 2604 692 2682 21,
716 2605 766 2668 52.
811 2607 847 2688 3,
869 2607 905 2689 4,
931 2609 966 2670 11
993 2607 1111 2672 bellum
1134 2608 1272 2692 gerebat
1291 2613 1362 2683 tun,

218 2706 543 2791 cumestexpulsus
575 2707 731 2786 1,4,11.
769 2705 861 2771 Brut.
886 2711 905 2790 ᾖ
932 2709 1000 2773 161.
1046 2708 1209 2774 Caelius
1232 2710 1361 2773 adfam.

219 2809 472 2891 8,13,2311111
501 2807 560 2871 has
582 2807 708 2871 litteras
730 2808 860 2891 scripsi,
883 2810 1022 2873 animam
1044 2814 1171 2895 agebat.
1200 2850 1237 2858 -
1263 2811 1362 2877 Caes.

219 2911 250 2974 b.
274 2932 306 2994 g.
329 2911 364 2988 6,
391 2912 429 2973 12
458 2931 530 2974 cum
554 2908 673 2974 Caesar
700 2909 734 2972 in
758 2909 897 2975 Galliam
926 2912 1030 2992 venit,
1059 2911 1195 2977 alterius
1218 2913 1363 2978 factionis

217 3012 378 3095 principes
413 3016 505 3076 erant
532 3010 657 3075 Haedui
690 3015 744 3078 ctt.
790 3011 880 3082 Sall.
903 3013 980 3097 Jug.
1003 3015 1058 3093 71,
1090 3018 1119 3078 1.
1164 3015 1245 3079 Liv.
1268 3016 1305 3099 2,
1327 3017 1361 3078 51

221 3135 292 3177 curn
320 3113 398 3177 haec
428 3117 560 3197 accepta
589 3110 695 3176 clades
723 3118 785 3190 est,
813 3115 878 3178 iam
907 3116 942 3180 0.
965 3115 1121 3180 Horatius
1144 3122 1178 3180 st
1200 3117 1238 3180 Τ.
1264 3117 1363 3181 Mene·

222 3215 294 3280 nius
317 3215 464 3280 consules
486 3219 588 3279 erant.
632 3215 684 3296 23,
707 3214 758 3291 49,
780 3217 810 3279 5.
855 3216 908 3299 45,
930 3217 981 3296 39,
1007 3221 1034 3280 l'.

302 3319 336 3396 b)
375 3315 558 3381 Nebenssta
595 3316 639 3379 im
677 3315 793 3394 Part,
830 3317 1009 3402 Hauptsata
1052 3319 1097 3382 im
1134 3319 1362 3404 Plusquarn-

218 3420 387 3503 perfect.
433 3411 511 3483 cit.
536 3416 626 3482 Verr.
648 3418 684 3500 5,
707 3418 749 3483 69
771 3441 842 3484 cum
864 3420 968 3503 primo
990 3442 1088 3505 agere
1111 3422 1294 3504 coepimus,
1317 3423 1363 3484 lex

218 3542 283 3585 non
318 3526 387 3585 erat
418 3519 633 3602 promulgata.
677 3543 708 3603 p.
732 3519 814 3584 Mur.
837 3521 894 3603 28,
916 3522 958 3586 58
991 3522 1041 3585 bis
1064 3522 1178 3586 consul
1200 3524 1308 3587 fuerat
1330 3559 1362 3570 -

217 3643 288 3685 cum
318 3622 480 3687 accusavit
507 3619 542 3684 L.
568 3618 706 3686 Cottam.
754 3625 821 3686 Att.
849 3623 879 3700 6,
912 3626 946 3705 1,
979 3624 1017 3687 13
1049 3622 1129 3688 haec
1155 3645 1223 3687 non
1257 3645 1363 3690 noram

217 3729 296 3805 turn,
319 3745 390 3787 cum
414 3720 599 3787 Democrito
621 3727 677 3787 tuo
700 3745 771 3787 cum
795 3724 918 3789 locutus
941 3747 1021 3789 sum.
1070 3726 1118 3806 13,
1134 3725 1177 3789 35
1202 3750 1232 3790 u.
1256 3727 1360 3791 36eas

217 3825 361 3888 nondum
384 3825 524 3908 legeras,
548 3845 620 3888 cum
648 3823 705 3888 has
733 3825 896 3909 proximas
925 3827 1092 3910 scripsisti.
1137 3825 1220 3892 Hier
1247 3831 1291 3892 ist
1316 3829 1361 3891 die

217 3925 358 3989 Partikel
393 3946 454 3988 nnr
486 3925 662 3990 ausserlich
693 3927 796 3990 cinem
831 3925 911 3991 Cum
941 3929 1105 3992 inversum
1146 3928 1296 4009 1111111111,
1331 3950 1360 3992 oo

216 4027 297 4092 auch
321 4025 484 4093 (laelius
511 4026 551 4090 ad
580 4028 657 4091 fam.
687 4028 722 4109 8,
744 4029 780 4110 6,
807 4032 828 4094 5
855 4027 915 4092 hoc
949 4031 1090 4094 nondum
1124 4032 1265 4115 fecerat,
1294 4052 1357 4095 cun

216 4130 357 4212 priorem
380 4132 505 4213 partem
529 4130 684 4213 epistolae
706 4130 829 4213 scripsi.
875 4129 966 4198 Sall,
987 4132 1064 4217 Jug.
1088 4133 1140 4210 62,
1164 4134 1182 4196 Ἰ
1208 4155 1280 4196 curn
1301 4131 1356 4215 pri·

216 4252 302 4294 mum
324 4230 445 4296 deditio
468 4231 576 4313 coepit
597 4269 638 4279 -
661 4231 817 4294 abierant.
863 4231 1135 4317 111.1,41,1.
1180 4235 1215 4316 9,
1245 4234 1303 4311 25,
1328 4232 1352 4294 2.

215 4332 268 4414 21,
291 4332 395 4414 39,4.
439 4331 641 4415 28,21,14.
685 4334 737 4411 34,
763 4332 814 4412 16,
836 4334 867 4396 6.
913 4335 1088 4417 c.31,15.

300 4436 330 4515 c)
355 4432 537 4498 Nebensatz
559 4433 602 4497 inr
626 4434 758 4499 Praes.
781 4432 889 4519 hist,
919 4433 1099 4517 Hauptsata
1127 4436 1170 4499 im
1194 4434 1348 4518 Imperi.
