2864 5056
694 311 920 375 -632-

241 491 336 533 mera.
381 467 457 531 Οἰσ.
489 465 527 529 de
557 487 623 528 sen.
656 464 704 542 18,
734 465 775 528 65
803 467 839 528 ut
865 487 932 528 nou
961 487 1054 528 omne
1084 465 1213 545 sinum,
1246 467 1289 529 sie
1313 489 1366 530 nou

241 570 345 634 omnis
373 573 459 632 aetas
487 570 649 631 vetustate
672 566 837 630 coacescit.
883 566 934 629 off.
963 569 988 643 l,
1012 566 1053 630 26
1082 569 1118 630 ut
1146 567 1291 631 adversas
1318 590 1368 647 res,
1427 634 1430 648 ,

241 672 288 735 εἰσ
310 669 464 734 secundas
490 669 699 733 immoderate
721 668 805 732 ferre
832 668 972 732 levitatis
1001 673 1058 734 est.
1107 669 1190 732 Att.
1217 671 1264 751 10,
1293 671 1369 745 18,2

241 777 277 837 ut
300 772 383 836 male
406 772 571 855 posuimus
593 770 701 850 initia,
733 769 779 833 sio
801 773 906 833 cetera
927 774 1110 854 sequentur.
1157 769 1251 835 Sall.
1272 770 1370 856 lugi

242 880 278 938 ut
300 874 438 957 initium,
460 874 505 937 εἰσ
527 873 600 936 finis
623 875 680 936 est.

326 974 427 1040 Nieht
455 975 557 1038 selten
588 975 632 1038 ist
664 976 744 1038 sient
774 973 820 1036 als
852 974 939 1038 eine
961 973 1106 1038 Partikel
1129 997 1169 1037 zu
1192 975 1371 1056 betraehteu,

241 1078 301 1140 wie
334 1077 452 1140 bereits
486 1074 702 1139 bei'Plautus
736 1075 800 1140 und
833 1076 867 1138 in
900 1075 985 1140 allen
1015 1074 1137 1144 Zeiten.
1192 1077 1291 1141 Darin
1321 1099 1373 1140 rer·

243 1178 420 1242 sohwindet
442 1177 497 1242 der
520 1177 771 1241 demonstrative
798 1176 1016 1241 Bestandtheil
1038 1179 1084 1243 εἰσ
1106 1179 1161 1241 fiir
1184 1178 1241 1242 das
1256 1177 1373 1262 Spraeh·

242 1280 451 1344 bewusstsein
475 1280 672 1357 dermassen,
702 1277 773 1342 dass
795 1279 839 1341 im
857 1278 1050 1361 Hauptsatze
1073 1278 1160 1343 noch
1182 1283 1228 1345 εἰσ
1249 1281 1321 1345 oder
1338 1283 1373 1345 io

244 1381 425 1446 vorkommt
452 1382 523 1466 („so
545 1382 606 1445 wie
632 1421 669 1428 —
694 1383 788 1464 so“),
818 1380 935 1464 jedoeb
966 1380 1057 1444 nieht
1086 1381 1138 1445 bei
1164 1380 1287 1446 Plaut.
1309 1381 1374 1445 Rud.

243 1484 320 1566 928,
353 1504 401 1565 wo
430 1485 476 1548 εἰσ
504 1483 537 1546 in
567 1481 742 1565 Anaphora
770 1481 871 1563 steht,
904 1482 987 1545 wohl
1016 1482 1094 1546 aber
1122 1483 1216 1547 Asin.
1244 1484 1281 1547 16
1308 1484 1375 1548 sieut

243 1589 335 1650 tuum
364 1584 411 1648 vis
439 1584 568 1648 unicum
603 1588 736 1668 gnatum
773 1587 846 1646 tuae
880 1605 1043 1666 superesse
1079 1584 1165 1648 vitas
1192 1622 1235 1632 -
1263 1585 1306 1648 its
1335 1585 1375 1647 ted

245 1688 389 1751 obtestor
417 1689 473 1749 ott.
517 1685 583 1752 mil.
612 1686 671 1750 727
700 1686 784 1749 siout
814 1723 855 1732 -
885 1687 1001 1751 itidem.
1053 1684 1112 1749 Bei
1141 1686 1282 1752 Cicero
1307 1686 1375 1750 wohl

249 1788 367 1852 selten:
391 1810 421 1871 p.
446 1786 514 1850 Mil.
541 1789 574 1849 11
602 1785 681 1850 haee
704 1786 788 1850 sicut
810 1788 951 1870 exposui,
975 1788 1022 1851 ito
1044 1791 1137 1871 gesta
1160 1797 1245 1852 sunt.
1288 1789 1324 1852 <le
1342 1810 1376 1854 or.

247 1893 306 1971 1§
332 1890 391 1953 118
413 1888 520 1952 nullae
550 1889 633 1952 enim
657 1888 730 1952 lites
759 1893 848 1966 sunt,
878 1910 959 1973 qnae
988 1893 1108 1972 cogant
1137 1888 1284 1954 homines
1310 1891 1377 1954 sicut

245 1993 279 2055 iu
310 1991 381 2056 foro
411 2013 476 2054 non
508 1991 608 2054 bonos
637 1994 794 2073 oratores,
826 1992 897 2055 item
927 1991 961 2054 in
988 1991 1117 2055 theatro
1140 1996 1265 2055 actores
1292 1992 1376 2055 malos

245 2092 377 2176 perpeti.
424 2090 533 2157 Caes.
565 2093 594 2156 b.
623 2113 653 2176 g.
683 2092 713 2173 6,
743 2092 785 2155 30
811 2114 887 2155 nam
916 2093 998 2156 sient
1030 2114 1151 2177 magno
1181 2093 1298 2156 accidit
1317 2115 1376 2157 casu

247 2231 284 2240 -
309 2194 355 2257 εἰσ
377 2215 515 2276 maguae
545 2194 607 2257 luit
630 2193 784 2258 fortunae.
831 2194 859 2257 b.
884 2216 910 2259 σ.
934 2195 965 2277 3,
992 2196 1031 2258 15
1053 2194 1150 2258 sicuti
1181 2196 1261 2259 mari
1284 2195 1377 2260 caesa·

245 2318 312 2360 rem
341 2294 549 2380 prohibebat,
579 2296 623 2360 its
650 2296 724 2379 ipse
748 2297 833 2360 omni
863 2301 948 2361 terra
976 2295 1217 2381 prohibebatur.
1263 2296 1331 2362 Und
1350 2317 1377 2358 so

247 2397 296 2462 bei
321 2397 457 2463 Livius
479 2397 544 2460 und
568 2397 731 2481 Spbteren.

331 2501 360 2564 3.
407 2499 473 2579 Quo
503 2501 592 2563 inodo
623 2536 662 2546 -—
685 2501 729 2564 εἰσ
760 2499 837 2563 oder
868 2501 913 2563 ito
944 2501 985 2563 ist
1016 2500 1124 2584 wenig
1151 2499 1378 2584 gebrbuehlich:

246 2601 373 2665 Plaut.
399 2601 478 2665 Cist.
505 2605 532 2682 1,
560 2605 587 2681 1,
610 2601 651 2666 48
675 2622 736 2684 quo
768 2605 802 2664 tu
833 2622 882 2664 me
911 2600 1005 2665 modo
1037 2602 1124 2665 voles
1148 2623 1233 2684 esse,
1263 2602 1306 2665 ita
1332 2606 1378 2666 ett.

247 2702 325 2767 Cic.
355 2703 417 2786 leg.
448 2722 514 2786 ngr.
545 2703 574 2783 2,
609 2706 636 2778 1,
664 2704 683 2766 3
713 2702 765 2766 sed
797 2703 843 2767 ita
876 2703 998 2767 fecistis
1029 2708 1093 2783 (me
1125 2703 1303 2789 consulem)
1328 2725 1379 2788 quo

246 2803 340 2868 modo
363 2804 457 2886 pauci
481 2803 605 2867 nobiles
628 2805 660 2866 in
684 2804 745 2868 hae
768 2804 899 2868 civitate
922 2804 1069 2869 eonsules
1086 2805 1164 2869 faeti
1179 2810 1265 2869 sunt.
1302 2805 1377 2884 acad⁸

246 2906 276 2982 2,
306 2906 351 2984 12,
376 2907 417 2970 33
440 2926 515 2968 nam
538 2927 601 2988 quo
623 2906 716 2968 modo
739 2928 804 2970 non
820 2912 927 2990 potest
944 2943 979 2952 -
998 2906 1045 2970 sie
1060 2929 1128 2971 non
1144 2913 1263 2990 potest.
1300 2907 1379 2971 Eheu

247 3029 281 3072 so
304 3005 396 3074 Tuse.
425 3007 454 3089 5,
480 3008 507 3084 7,
537 3006 572 3071 18
595 3007 660 3071 und
689 3007 741 3070 off.
769 3010 793 3084 1,
818 3009 869 3091 38,
896 3008 964 3073 136.
1010 3007 1169 3073 Caelius
1200 3010 1238 3072 ad
1266 3010 1336 3073 lam.
1356 3008 1380 3085 8,

245 3111 275 3182 4,
298 3111 318 3173 4
342 3129 401 3194 ego
424 3114 531 3173 tamen
555 3110 600 3173 sio
628 3109 709 3173 nibil
738 3116 888 3193 exspecto
912 3133 941 3193 q.
965 3132 1008 3174 m.
1032 3108 1191 3174 Paullum.
1236 3110 1380 3175 Petrou.

246 3212 287 3277 38
311 3210 357 3274 sio
380 3232 494 3274 cenare
517 3233 547 3294 q.
571 3233 612 3279 m.
637 3232 702 3273 rex.
748 3210 834 3275 Sen.
865 3233 912 3294 ep.
937 3211 987 3289 85,
1011 3213 1040 3275 5.
1087 3210 1177 3276 Tae.
1203 3212 1277 3276 dial.
1298 3214 1336 3276 36
1355 3234 1380 3293 q.

246 3336 288 3378 m.
313 3314 465 3380 disertum
483 3311 593 3377 haberi
616 3311 781 3395 pulchrum
806 3318 837 3377 et
859 3313 1046 3397 gloriosum,
1070 3313 1118 3377 εἰσ
1139 3319 1249 3379 eontra
1273 3318 1380 3377 mutum

247 3421 279 3479 el
301 3416 463 3500 elinguem
485 3414 584 3478 videri
615 3413 756 3491 deforme
786 3413 974 3478 habebatur.
1019 3436 1093 3478 ann.
1117 3416 1148 3492 4.
1171 3416 1223 3479 35.
1272 3416 1317 3491 16,
1337 3414 1379 3477 32.

247 3515 309 3580 Mit
330 3516 513 3600 folgendem
536 3518 599 3581 tta:
623 3515 653 3578 h.
677 3516 709 3597 4,
733 3515 783 3579 74.
822 3537 897 3578 ann.
925 3517 973 3598 14,
997 3517 1048 3580 54.
1074 3552 1110 3562 -
1129 3515 1322 3600 Lamprid.
1337 3514 1379 3578 Al.

248 3619 318 3682 Sev.
344 3620 384 3682 10
406 3640 435 3700 q.
459 3640 501 3681 m.
548 3619 724 3702 Augustus,
747 3616 792 3680 εἰσ
815 3619 848 3680 el
870 3617 1068 3681 Antoninus.

332 3720 363 3781 4.
393 3717 488 3782 Noch
503 3719 641 3782 seltener
656 3718 699 3782 ist
720 3739 811 3799 quem
833 3720 877 3783 ad
898 3720 1024 3783 niodum
1047 3718 1108 3781 mit
1128 3718 1312 3803 folgendem
1332 3719 1378 3789 εἰσ,

248 3823 313 3882 erst
341 3819 403 3881 seit
425 3818 502 3883 Cio.
526 3843 557 3904 p.
580 3820 644 3883 red.
669 3819 706 3882 ud
731 3820 819 3895 Quir.
841 3821 872 3901 4,
899 3820 919 3883 9
947 3821 1000 3883 sed
1025 3842 1053 3902 q.
1083 3820 1122 3883 ad
1153 3843 1195 3885 m.
1214 3818 1378 3916 ’propinqui

122 3946 124 3951 ’
312 3941 377 3983 non
401 3919 540 4000 luerunt,
564 3921 611 3985 εἰσ
632 3920 794 3985 adiutores
817 3921 909 3984 multi
931 3922 1062 3985 fuerunt
1083 3925 1139 3985 ott.
1178 3921 1377 4008 Umgelrehrt:

248 4023 278 4101 9,
301 4024 337 4086 21
368 4022 414 4084 εἰσ
437 4021 572 4085 ulciscar
594 4022 736 4087 facinora
759 4044 866 4087 eorum
891 4022 1027 4106 singula,
1052 4044 1082 4107 q.
1099 4024 1139 4086 ad
1163 4047 1205 4092 m.
1227 4047 1246 4089 a
1267 4024 1376 4108 quibus·

249 4143 309 4208 que
337 4147 407 4188 sum
434 4108 636 4206 provocatus.
682 4124 758 4189 Liv.
782 4125 833 4206 30,
863 4123 914 4204 44,
944 4125 1027 4203 (isi,
1060 4146 1090 4209 q.
1114 4125 1154 4188 ad
1184 4148 1223 4190 m.
1252 4126 1311 4188 oris
1330 4123 1374 4185 ha·

250 4225 335 4289 bitus
366 4225 507 4289 cernitur
535 4225 650 4308 oeulis,
682 4226 727 4291 εἰσ
755 4232 788 4290 et
814 4227 939 4290 animus
968 4225 1055 4290 intus
1086 4227 1174 4289 cerni
1202 4231 1306 4310 posset
1329 4225 1372 4286 elt

248 4326 299 4406 32,
323 4327 375 4407 21,
398 4327 449 4392 35.
498 4328 702 4391 Adversativ:
738 4329 789 4408 34,
818 4330 847 4405 6,
876 4329 897 4390 4
926 4327 1047 4411 (,‚zwar
1076 4366 1112 4375 -
1139 4330 1261 4414 aber“).
1301 4325 1392 4410 sen..

249 4449 299 4512 ep.
322 4428 372 4506 85,
398 4428 426 4492 7.
471 4428 532 4494 Mit
550 4430 615 4495 ila:
637 4428 715 4494 Liv.
738 4429 789 4508 24,
813 4430 842 4509 8,
864 4429 894 4493 6.
