2956 5054
581 288 812 354 —167-

113 447 215 509 etiarn
243 482 285 492 -
317 444 375 508 hoc
402 443 505 508 simile
532 444 679 527 ponitur:
710 446 746 507 ut
774 442 859 507 enini
889 442 938 524 (es
965 441 1051 527 folgt
1083 443 1139 508 der
1169 464 1268 527 ange·

113 545 276 630 kandigte
299 543 499 629 Vergleich).
538 567 570 609 n.
594 547 623 609 d.
647 545 681 624 2,
705 545 741 627 9,
763 545 805 608 24
832 543 916 628 quod
944 544 1072 628 quidem
1095 543 1268 610 Cleanthes

115 649 169 713 hela
190 648 288 712 etiam
310 647 510 732 argumentis
532 646 627 712 docet
643 669 700 711 -τ
721 650 822 730 negat
844 647 929 710 enim
946 666 1014 709 esse
1036 645 1135 710 ullum
1160 646 1267 711 cibum

115 753 184 814 tarn
206 770 339 834 gravem
361 751 417 812 cti.
448 749 500 813 off.
523 749 553 826 2,
579 749 629 831 16,
652 747 702 812 56.
731 747 795 811 div.
816 750 843 828 1,
858 748 909 826 37,
925 747 976 812 80.
999 747 1038 812 de
1060 768 1127 812 sen.
1153 747 1203 829 18,
1225 749 1267 813 65

116 854 163 917 sic
184 872 218 915 se
239 871 291 915 res
318 849 432 914 habet:
461 855 498 914 ot
518 851 605 913 enim
634 870 699 914 non
722 869 816 912 omne
844 849 971 932 vinum,
1001 849 1047 914 sic
1069 870 1135 913 non
1162 851 1267 914 omnis

117 955 233 1016 natura
256 955 417 1016 vetustate
441 952 609 1016 coacescit.
642 950 734 1014 Auch
757 948 859 1013 ohne
882 950 989 1015 solche
1010 950 1266 1016 Demonstratio-

117 1056 245 1119 formen
268 1055 313 1117 ist
336 1075 370 1118 es
391 1053 501 1137 haufig
524 1051 588 1117 ond
613 1051 749 1116 brancht
771 1049 862 1116 nicht
885 1051 992 1137 belegt
1014 1075 1051 1116 zo
1075 1055 1211 1118 werden.

202 1155 238 1240 b)
260 1154 384 1242 Hnufig
405 1156 448 1218 ist
469 1156 553 1219 enim
576 1152 657 1217 auch
673 1153 707 1216 in
724 1153 780 1217 der
795 1152 1057 1231 Parenthese,
1081 1175 1129 1218 wo
1144 1176 1177 1219 es
1193 1155 1265 1219 bald

116 1258 188 1323 eine
211 1257 407 1340 Erlrlirnng,
431 1254 506 1319 bald
530 1256 625 1319 einen
648 1254 762 1319 Grond
784 1254 915 1339 anfilgt:
938 1253 1014 1323 Cic.
1040 1255 1127 1319 Lael.
1149 1256 1201 1336 22,
1225 1258 1267 1322 85

115 1359 266 1445 quocirca
290 1356 474 1441 (dicendum
492 1361 541 1421 est
555 1357 641 1422 enim
657 1356 796 1440 saepius)
818 1377 891 1421 cum
906 1356 1106 1436 indicaveris,
1130 1358 1265 1444 diligere

115 1463 256 1545 oportet.
280 1460 332 1542 21,
356 1459 406 1526 77.
436 1457 524 1522 acad.
546 1458 578 1539 2,
603 1459 632 1540 7,
655 1459 705 1523 22.
734 1457 788 1527 fin.
814 1460 842 1541 1,
867 1458 897 1541 7,
912 1459 963 1522 26.
998 1457 1114 1523 Einem
1138 1462 1263 1524 vorauf-

114 1562 286 1649 gehenden
317 1562 401 1626 enim
427 1560 694 1644 untergeordnet:
723 1558 818 1624 Tuae.
841 1559 878 1643 2,
900 1560 958 1646 24,
980 1561 1021 1624 58
1044 1583 1154 1625 sumus
1177 1564 1263 1626 enim

114 1669 244 1745 natura,
269 1668 305 1726 ut
328 1665 404 1725 ante
421 1662 486 1725 dixi
510 1661 693 1746 (dicendum
709 1665 759 1725 est
773 1661 859 1725 enim
875 1663 1014 1745 saepius)
1039 1662 1264 1728 studiosissimi

113 1764 434 1851 appetentissimique
461 1761 649 1827 honestatis.
686 1762 786 1828 Eben
815 1785 850 1827 so
879 1763 982 1827 einem
1008 1784 1086 1829 nam
1114 1769 1262 1851 unterge-

114 1868 246 1933 ordnet:
269 1866 371 1943 find,
390 1864 430 1928 19
450 1886 527 1928 nam
550 1868 583 1928 et
604 1865 675 1948 ipsa
690 1864 862 1929 declinatio
878 1866 918 1928 ad
941 1864 1106 1931 libidinem
1130 1867 1263 1951 fingitur

114 1969 178 2051 (ait
199 1968 287 2032 enim
310 1967 382 2052 cti.)
416 1970 448 2030 et
480 1966 570 2030 illum
603 1971 735 2031 motum.
764 2003 804 2014 —
838 1968 907 2031 Ans
935 1965 1072 2031 Livius
1099 1969 1141 2032 ist
1169 1973 1263 2033 unler

113 2069 174 2137 Nr.
197 2072 227 2152 l,
251 2069 270 2132 d
294 2067 393 2132 schcn
417 2068 520 2131 citirt:
542 2067 595 2150 27,
620 2068 650 2149 7,
675 2068 724 2134 12.
748 2087 796 2151 cp.
819 2069 871 2151 22,
895 2067 925 2132 9.
956 2068 1060 2135 Cart.
1087 2070 1135 2154 10,
1158 2071 1188 2148 2,
1211 2072 1262 2141 21.

115 2172 217 2255 Plio,
242 2192 292 2255 ep.
320 2173 351 2249 l,
374 2171 411 2252 3,
435 2170 463 2233 3.
511 2167 586 2234 Und
615 2191 650 2234 so
677 2169 760 2235 anch
789 2175 904 2254 spato.
933 2207 970 2218 -
999 2170 1108 2236 Selten
1137 2171 1262 2237 enth'a‘lt

115 2273 166 2338 die
189 2271 387 2336 Parenthese
416 2271 467 2335 die
488 2270 673 2357 Erkliirnng
699 2272 776 2336 oder
797 2273 858 2337 den
883 2272 993 2337 Grond
1021 2273 1074 2336 for
1097 2273 1153 2338 das
1176 2273 1262 2338 Fol-

116 2375 259 2461 gende:
290 2373 400 2438 Ovid.
423 2374 505 2438 trist.
531 2376 564 2456 1,
587 2372 624 2456 2,
649 2376 665 2436 1
689 2373 721 2437 di
748 2374 845 2438 maris
868 2379 901 2438 et
928 2378 1031 2438 terrae
1062 2374 1152 2458 (quid
1175 2377 1261 2440 enim

116 2478 177 2541 nisi
208 2480 284 2540 vota
310 2474 517 2558 supersunt7)
544 2474 667 2539 solvere
690 2478 746 2541 ctt.
769 2480 844 2540 met.
867 2476 903 2554 3,
927 2476 998 2541 336.
1038 2474 1080 2541 So
1104 2476 1188 2541 diter
1210 2477 1261 2543 bei

116 2579 196 2661 ihm,
219 2575 415 2641 namentlich
437 2597 535 2658 acque
556 2579 649 2642 caim.

201 2683 232 2761 c)
263 2677 327 2742 Mil
348 2681 431 2743 enim
454 2678 533 2742 wird
555 2680 606 2742 ein
624 2679 805 2764 Beispiel
827 2679 1012 2764 angellihrt,
1036 2701 1090 2742 um
1106 2679 1162 2743 das
1180 2679 1260 2745 Vor—

116 2779 316 2866 anfgehende
339 2801 377 2842 zu
399 2779 598 2865 bestitigen:
624 2779 706 2846 cic.
731 2803 762 2864 p.
786 2781 853 2851 Mil.
876 2783 896 2846 3
920 2804 1022 2866 neque
1044 2781 1130 2845 enim
1152 2787 1261 2866 posset

117 2888 170 2947 ant
192 2881 298 2946 Ahala
319 2881 372 2946 ille
394 2880 548 2946 Servilius
571 2886 627 2946 aot
642 2882 676 2947 P.
693 2881 813 2947 Nasica
829 2922 866 2929 —
884 2904 951 2946 non
973 2883 1115 2947 nefarius
1137 2883 1259 2966 haberi,

117 2986 144 3049 si
165 2984 338 3049 sceleratos
366 2984 451 3048 cives
473 2982 611 3047 interfici
639 2985 730 3048 nefas
753 2989 847 3049 esset.
868 2979 977 3049 ‘Tusa
1001 2985 1038 3065 3,
1063 2986 1103 3049 15
1131 2985 1184 3049 hic
1212 2990 1262 3050 est

118 3085 201 3150 enim
223 3085 278 3150 ille
301 3085 407 3150 vultus
428 3106 555 3168 semper
576 3085 676 3165 idern,
705 3106 799 3169 quem
822 3086 939 3150 dicitur
961 3085 1149 3170 Xanthippe
1170 3108 1260 3170 prae·

117 3187 220 3252 dicare
243 3187 338 3252 solita
359 3188 393 3252 in
416 3188 485 3252 viro
506 3209 564 3251 suo
586 3187 694 3251 fnisse.
724 3188 780 3252 fin.
807 3188 893 3269 1,18
914 3210 1018 3272 neque
1039 3189 1126 3252 enim
1149 3189 1260 3253 civitas

116 3291 150 3353 in
171 3289 329 3353 seditione
350 3290 443 3354 beata
466 3310 534 3352 esse
562 3292 677 3372 potest.
707 3289 817 3354 Onrt.
837 3289 887 3371 10,
912 3293 941 3373 1,
964 3291 1014 3356 40.
1042 3289 1134 3372 Nep.
1151 3289 1212 3373 prf.
1228 3291 1258 3353 4.

118 3389 386 3456 Gebranchlicher
407 3411 473 3455 war
490 3389 610 3474 jedoch
632 3411 719 3473 mm,
744 3413 768 3454 a.
791 3395 821 3473 ξ.
838 3391 912 3471 348,
935 3391 965 3473 2,
987 3413 1013 3457 e.

198 3494 230 3558 3.
267 3491 368 3557 Enim
389 3490 478 3556 fohri
499 3491 562 3555 den
585 3491 716 3556 Grund
740 3513 780 3556 an
805 3490 964 3576 („denn“)
987 3491 1052 3556 und
1077 3490 1154 3554 wird
1175 3512 1259 3576 gana

119 3595 174 3659 wie
200 3615 280 3660 nom
307 3593 493 3678 gebraucht.
538 3592 655 3657 Hieran
684 3593 799 3657 bedarl
826 3614 860 3656 es
888 3593 999 3657 keiner
1022 3592 1160 3678 Bellige,
1187 3593 1258 3658 weil

117 3695 171 3760 der
192 3694 364 3760 Gebranch
386 3694 508 3760 tiberall
530 3694 674 3758 derselbe
697 3695 747 3760 ist.

198 3799 231 3862 4.
270 3797 490 3861 Pleonastisch
518 3797 606 3862 steht
633 3799 718 3862 caim
744 3797 941 3882 „n‘ffamlich“
968 3796 1040 3861 mit
1072 3798 1258 3862 causalen

118 3902 191 3965 und
213 3899 376 3963 finalen
393 3898 607 3963 Partilreln
630 3899 880 3982 verbunden,
901 3898 1019 3983 jedoch
1041 3921 1102 3963 nur
1123 3899 1174 3963 bei
1197 3900 1258 3964 den

117 4002 293 4067 Komilrern
309 4000 374 4063 and
389 4000 441 4065 bei
456 4000 739 4065 nachklassischen
755 4000 958 4065 Prosaihern.
993 4000 1101 4065 Dahin
1115 4000 1258 4086 gehdren

144 4122 154 4139 ·
200 4104 233 4190 a)
259 4102 343 4182 Quia
364 4105 453 4186 enim,
477 4103 649 4167 besonders
671 4101 783 4187 hiufig
804 4102 854 4166 bei
878 4089 1059 4186 Plautus,
1081 4125 1107 4167 z.
1132 4101 1168 4170 B.
1192 4103 1257 4171 mil.

115 4206 176 4271 834
199 4203 275 4288 quid
298 4203 385 4267 iam?
412 4202 480 4269 LU.
498 4204 573 4287 quia
587 4204 673 4268 enim
689 4203 846 4268 obsorbui.
876 4203 993 4269 Bacch.
1010 4204 1053 4269 50
1074 4204 1149 4288 quid
1172 4205 1258 4268 iam?

114 4306 164 4372 Pl.
194 4305 271 4390 qnia
296 4305 384 4368 enim
412 4305 578 4390 intellego.
616 4305 709 4390 Capt.
732 4306 795 4370 880
821 4305 895 4389 quid
924 4310 959 4370 tu
991 4327 1048 4390 per
1076 4305 1258 4370 barbaricas

115 4409 202 4473 orbis
234 4407 343 4470 iuras?
385 4407 453 4472 ER.
477 4407 553 4492 qnia
579 4407 665 4472 enim
693 4408 769 4472 item
798 4428 930 4490 asperae
958 4411 1045 4471 sont.
1089 4407 1183 4472 Mehr
1204 4429 1260 4471 aus
1306 4450 1310 4456 -
