2864 5056
525 328 752 390 -631-

59 479 179 543 crimae
209 499 273 541 non
302 478 414 542 sinunt
441 478 587 543 scribere.
632 477 725 543 Ohne
754 477 950 545 Nebensatz:
987 480 1077 545 Verr.
1107 483 1138 564 5,
1170 485 1207 547 14

59 580 104 643 itu
135 580 215 643 mihi
243 600 354 644 omnes
383 580 459 645 deos
488 580 644 664 propitios
673 580 777 650 velim.
821 580 914 647 Eben
943 605 979 646 so
1004 583 1206 667 Augustus

58 704 109 765 ap.
134 680 223 745 Suet.
251 681 321 745 Tib.
344 680 383 744 21
409 681 455 745 ita
486 682 547 745 sim
578 682 665 746 felix.
710 682 757 746 ld.
782 705 832 767 ap.
863 684 957 751 eund.
980 684 1034 752 vit.
1060 687 1142 771 Aug.
1165 688 1206 750 28

57 782 103 845 ita
135 780 216 846 mihi
246 782 366 846 salvam
397 786 453 847 ctt.
499 784 703 848 Antonius
725 784 800 852 ibid.
824 785 865 849 69
893 786 939 849 ita
967 785 1073 851 valeas
1101 788 1149 851 uti
1170 793 1206 852 tu

62 922 98 932 -
125 905 193 948 non
217 885 329 948 inieris
351 883 525 949 Tertullam
550 890 605 949 ctt.

145 983 267 1050 Stellen
290 987 350 1049 mit
370 988 416 1051 sic
437 1008 461 1050 s.
486 986 543 1052 Nr.
567 987 597 1051 2.

147 1086 402 1171 Vergleichende
432 1088 743 1173 Proportionalsiitae
774 1090 835 1153 mit
866 1093 1064 1174 6116616666
1091 1129 1129 1138 —
1159 1094 1206 1159 ito

59 1190 127 1254 und
149 1189 335 1274 folgendem
357 1189 538 1274 Superlativ
561 1213 584 1254 s.
608 1194 708 1254 611166
730 1194 751 1272 ξ
773 1191 846 1261 521.

144 1290 301 1376 Dagegen
324 1313 428 1357 muso
451 1293 508 1357 der
522 1290 705 1357 Nebensatr
727 1293 786 1357 mit
803 1299 839 1359 ut
860 1294 1088 1379 voraufgehen,
1113 1317 1205 1360 wenn

55 1417 90 1459 er
113 1397 217 1458 statt
238 1394 350 1458 eines
373 1394 734 1459 Concessivsatzes
757 1394 851 1459 steht.
896 1394 1043 1461 Gedacht
1069 1397 1112 1461 ist
1138 1397 1206 1462 dies

54 1518 110 1561 so:
149 1496 230 1575 „wie
263 1494 320 1559 das
352 1499 435 1560 erate
468 1494 557 1559 wahr
590 1496 646 1577 ist,
684 1517 719 1560 so
752 1496 795 1560 ist
827 1496 972 1582 dagegen
1008 1498 1090 1571 doch
1124 1498 1205 1563 auch

54 1598 228 1683 folgendes
268 1596 420 1683 richtig.“
472 1595 628 1661 Wiewohl
666 1597 769 1662 dieser
801 1597 969 1663 Gebrauch
1008 1600 1204 1665 namentlich

54 1699 128 1763 dem
151 1699 259 1763 Livius
283 1699 375 1783 eigen
407 1700 466 1781 ist,
495 1721 531 1763 so
560 1703 634 1783 aagt
662 1698 745 1764 doch
774 1700 856 1764 auch
886 1700 988 1766 schon
1011 1701 1151 1767 Caesar
1173 1702 1203 1767 b.

55 1822 87 1885 g.
123 1802 153 1883 7,
185 1801 228 1864 30
260 1801 368 1885 itaque
405 1805 441 1864 ut
475 1800 668 1883 reliquorum
701 1801 928 1885 imperatorum
966 1824 1016 1867 res
1053 1804 1205 1869 adversae

57 1905 283 1968 auctoritatem
306 1903 471 1983 minuunt,
496 1903 542 1967 sic
563 1903 659 1966 huius
680 1924 718 1968 ec
740 1905 898 1969 contario
921 1903 1061 1989 dignitas
1083 1905 1203 1970 incom-

54 2005 151 2070 modo
175 2008 305 2089 accepto
328 2005 362 2069 in
385 2005 452 2069 dies
475 2006 662 2090 augebatur.
709 2004 811 2069 Datin
838 2006 966 2070 werden
995 2009 1073 2072 zuei
1094 2006 1204 2072 Hand·

54 2105 178 2190 lungen
201 2106 234 2169 in
258 2105 437 2171 Rilcksicht
459 2107 516 2171 auf
541 2106 610 2171 ihre
639 2110 967 2191 entgegeugesetzten
990 2107 1113 2194 Folgen
1137 2131 1203 2174 ver-

56 2207 199 2291 glichen.
244 2207 376 2273 Sodann
406 2208 485 2272 Liv.
513 2209 543 2292 3,
570 2210 621 2286 55,
653 2210 692 2274 15
719 2214 794 2273 haec
826 2209 934 2274 omnia
962 2214 999 2275 ut
1024 2210 1133 2275 invitis
1156 2213 1203 2276 ita

56 2330 122 2372 nou
146 2309 389 2378 adversantibus
417 2310 560 2395 patriciis
583 2314 757 2376 transacta.
800 2311 852 2394 21,
875 2313 926 2395 29,
949 2316 978 2377 4.
1014 2312 1065 2395 21,
1088 2314 1140 2396 35,
1166 2316 1201 2377 ll

58 2415 95 2473 ut
124 2410 278 2496 pleraque
310 2412 441 2495 Alpium
470 2413 510 2475 ab
538 2410 633 2476 Italia
662 2413 743 2477 sicud
775 2398 921 2477 breviora
954 2414 999 2477 ita
1031 2415 1204 2479 arrectiora

57 2516 145 2576 sunt.
189 2514 243 2591 2l,
267 2514 320 2597 39,
345 2516 372 2578 7.
394 2513 446 2596 22,
469 2513 520 2591 50,
543 2514 574 2577 3.
618 2512 711 2578 Eben
733 2535 769 2578 so
796 2515 856 2578 mit
877 2514 1062 2600 lolgendem
1083 2517 1143 2580 sic:
1177 2520 1203 2597 1,

51 2615 106 2693 66,
136 2614 158 2676 2
188 2619 223 2678 ut
259 2617 365 2700 specie
398 2616 539 2699 minora,
574 2615 619 2679 sic
652 2614 770 2679 laboris
803 2616 969 2699 aliquanto
1003 2617 1134 2682 maioris
1165 2655 1200 2666 -

54 2735 167 2797 opera.
211 2718 241 2794 4,
265 2717 295 2799 6,
323 2721 335 2781 l
363 2724 398 2781 ut
425 2717 561 2782 fortasse
585 2738 673 2799 vere,
700 2718 746 2781 sic
774 2739 886 2801 parum
910 2719 1032 2783 utiliter
1055 2720 1087 2783 in
1111 2742 1200 2804 prae·

53 2837 130 2883 sens
154 2823 316 2883 certamen
345 2820 518 2903 respondit.
562 2819 615 2901 22,
643 2820 695 2902 50,
728 2823 754 2884 1.
809 2818 880 2884 Und
908 2820 1074 2885 iihnliches
1107 2822 1200 2899 oster,

53 2928 116 2991 wie
151 2922 232 2988 auch
261 2921 312 2985 bei
342 2920 422 2985 Val.
452 2921 547 2984 Mar.
575 2921 606 3000 2,
635 2921 813 2998 11261.
857 2922 888 3003 4,
912 2923 942 3005 2,
964 2925 995 2988 5.
1039 2924 1125 3007 4,4,
1152 2927 1200 2987 11.

52 3029 152 3093 Danu
183 3025 232 3089 bei
264 3023 430 3088 Tacitus
459 3022 524 3086 und
557 3044 641 3085 zwar
670 3022 826 3087 ebenfalls
860 3024 920 3087 mit
952 3025 1014 3107 ito,
1047 3027 1093 3090 sic
1127 3025 1203 3088 oder

53 3133 153 3210 sicut,
181 3150 208 3191 z.
238 3125 275 3189 B.
298 3124 330 3188 h.
357 3128 372 3188 l
408 3125 538 3188 liuere
560 3125 616 3208 qui
643 3125 808 3188 crederent
831 3125 1033 3208 Capitonem,
1067 3130 1102 3188 ut
1130 3148 1201 3189 ava-

53 3232 131 3296 ritia
155 3238 187 3293 et
208 3227 342 3292 libidine
365 3226 493 3292 foedum
516 3247 553 3289 ac
576 3226 784 3309 maculosum,
807 3228 854 3291 itu
877 3226 1073 3310 cogitatione
1096 3248 1202 3291 rerum

55 3352 212 3398 novarum
236 3328 436 3393 abstinuisse.
481 3327 511 3407 2,
534 3328 583 3392 37.
627 3329 657 3405 4,
681 3328 733 3392 80.
778 3348 852 3391 ann.
880 3331 905 3406 1,
933 3327 971 3391 12
993 3349 1022 3394 n.
1045 3327 1103 3395 oft.
1141 3327 1203 3392 Mit

51 3438 116 3501 sic:
153 3455 227 3497 ann.
257 3431 287 3508 2,
305 3431 360 3494 ·l4
387 3431 451 3494 iam
481 3451 596 3514 corpus
624 3435 660 3493 61
686 3428 755 3493 visu
783 3435 909 3493 torvum
944 3434 977 3494 ct
1005 3429 1045 3493 ad
1074 3430 1201 3493 brevem

54 3539 211 3621 impetum
239 3532 398 3613 validum,
433 3532 478 3596 sic
507 3531 597 3595 nulla
624 3531 792 3596 vulnerum
821 3531 987 3614 patientia.
1034 3531 1096 3596 Mit
1121 3533 1201 3597 sicut

54 3676 94 3686 -
119 3639 183 3702 itu:
221 3633 294 3702 dial.
316 3634 357 3698 37
379 3654 459 3717 quae
482 3633 566 3696 mala
589 3633 672 3696 sicut
699 3653 764 3696 non
787 3632 930 3697 accidere
952 3633 1065 3697 melius
1088 3639 1138 3698 est
1160 3670 1201 3680 ω-

53 3742 110 3824 ita,
135 3760 207 3802 cum
229 3736 420 3814 acciderent,
444 3735 609 3819 ingentem
633 3733 834 3818 eloquentiae
856 3734 1022 3799 materiam
1045 3735 1200 3799 submini-

57 3840 216 3905 strabant.
261 3840 341 3924 Agr.
363 3838 415 3901 44.
446 3835 478 3900 h.
504 3840 530 3915 1,
554 3835 605 3900 52.
629 3858 703 3900 ann.
726 3839 756 3918 4,
783 3836 829 3898 16.

140 3942 169 4004 2.
215 3942 269 4006 Sic
291 3977 331 3986 -
353 3945 390 4004 ut
416 3938 496 4002 wird
529 3939 610 4002 eben
643 3958 679 4001 so
707 3937 886 4022 gebraucht
913 3938 972 4002 wie
1005 3939 1051 4002 ita
1083 3976 1118 3984 -
1150 3940 1199 4000 ut:

56 4044 181 4108 Plaut.
205 4042 302 4106 Most.
320 4042 402 4105 1034
425 4041 504 4112 haec
525 4060 575 4104 res
598 4040 645 4104 sic
667 4044 726 4121 est,
750 4043 787 4103 ut
808 4061 903 4104 narro
922 4039 995 4136 tibi,
1032 4038 1109 4104 Cic.
1132 4060 1198 4122 rep.

56 4147 86 4223 6,
115 4145 153 4209 15
176 4145 240 4226 sic,
270 4142 392 4227 Scipio,
422 4144 456 4205 ut
483 4164 560 4206 avus
581 4141 634 4206 hic
656 4146 745 4223 tuus,
774 4145 810 4205 ut
838 4162 897 4226 ego
904 4191 914 4225 ,
942 4142 1097 4206 iustitiam
1120 4140 1198 4204 cole.

54 4271 87 4312 n.
112 4247 142 4310 d.
166 4247 197 4322 3,
224 4250 239 4309 l
265 4244 310 4310 sic
340 4264 472 4329 agamus
496 4248 531 4308 ut
552 4265 610 4308 nos
634 4244 704 4328 ipsa
726 4243 815 4306 ducit
836 4243 950 4307 oratio.
995 4243 1071 4307 fam.
1098 4242 1145 4320 13,
1172 4245 1198 4324 l,

51 4348 241 4412 4Atticum
271 4348 317 4411 sic
339 4367 411 4410 amo
440 4349 477 4409 61
497 4347 632 4409 alterum
662 4345 804 4409 fratrem.
849 4343 889 4407 In
917 4341 1199 4429 umgelrehrter

52 4448 235 4532 Satzfolge:
275 4447 326 4511 Pl.
349 4447 442 4511 Truc.
465 4448 495 4526 2,
518 4447 548 4525 2,
572 4447 591 4509 9
615 4450 650 4511 ut
672 4468 740 4511 esse
763 4446 909 4531 coepisti,
938 4445 984 4509 sic
1014 4467 1048 4509 es
1076 4448 1111 4510 tu
1139 4441 1199 4520 ἅλς
