3024 5070
715 294 944 358 —686-

342 445 406 509 Der
436 445 640 510 Indicativ
676 446 711 509 in
747 446 877 510 solchen
911 446 1058 531 negirten
1092 447 1322 513 Oausalsataen
1357 448 1400 510 ist

257 547 368 611 selten.
413 544 607 631 Regelrecht
630 545 707 612 Oic.
734 570 766 630 p.
791 547 899 615 Plane.
922 551 942 628 ξ
965 548 1006 611 78
1031 569 1096 611 non
1119 547 1195 631 quia
1215 549 1328 613 multis
1349 549 1398 613 de-

257 649 316 713 beo
336 648 456 712 —sed
479 649 562 732 quia.
606 648 688 735 (Das
710 646 936 733 Schuldigsein
959 649 1002 711 ist
1023 647 1268 733 thatsiichlich.)
1314 650 1400 713 Aber

257 749 314 813 auf
339 748 507 834 Corrupto!
538 749 654 813 beruht
683 750 739 813 der
765 748 879 813 Modus
912 750 963 814 bei
992 748 1056 814 Cic.
1084 770 1150 834 rep.
1176 753 1193 813 1
1223 751 1308 831 §30
1335 772 1401 815 non

256 852 338 935 quod
367 873 405 915 ea
435 851 621 934 quaerebat,
652 872 733 933 quae
765 872 929 933 nunquam
964 851 1139 933 inveniret,
1168 853 1222 915 sed
1251 853 1334 936 quod
1364 875 1401 916 ea

256 952 484 1036 respondebat,
514 974 604 1036 quae.
649 950 729 1015 Hier
758 953 938 1017 vermuthet
966 951 1166 1037 Wesenberg
1199 954 1259 1016 mit
1287 952 1402 1036 Recht,

256 1054 328 1119 dass
357 1054 413 1118 der
443 1054 555 1117 Fehler
583 1053 684 1118 durch
718 1054 779 1117 den
807 1054 948 1118 Einfluss
976 1053 1032 1118 des
1066 1055 1198 1118 aweiten
1227 1054 1402 1119 Indicativs

256 1155 340 1219 beim
371 1154 589 1219 Abschreiben
624 1154 815 1225 entstanden
845 1155 897 1219 ist.
948 1153 1059 1220 Sicher
1091 1156 1134 1219 ist
1167 1155 1315 1241 dagegen
1349 1155 1401 1221 die

255 1256 368 1322 Lesart
388 1258 422 1321 in
446 1258 465 1320 6
488 1255 608 1320 Stellen
632 1256 687 1319 des
708 1255 846 1320 Livius
868 1256 934 1320 und
958 1278 1041 1320 zwar
1062 1257 1293 1341 grammatisch
1315 1257 1400 1322 rich-

255 1359 305 1442 tig
327 1359 360 1422 in
383 1358 436 1439 39,
458 1358 511 1442 41,
533 1359 554 1419 2
581 1378 645 1420 non
669 1356 772 1420 solum
795 1360 832 1420 ut
853 1358 915 1440 ipsi
938 1358 1043 1441 potins
1064 1358 1317 1442 adipiscerentur
1340 1381 1402 1423 nec

254 1459 337 1544 (scil.
369 1459 484 1540 solum)
512 1460 590 1540 quia
618 1458 872 1542 indignabantur
901 1458 1097 1542 (wirklicher
1131 1458 1258 1544 Grund)
1283 1497 1320 1506 -
1345 1465 1401 1524 sed

255 1563 352 1625 etiam
375 1560 470 1645 quod.
516 1559 558 1624 So
582 1559 664 1624 auch
688 1560 717 1640 7,
740 1560 791 1638 30,
818 1559 856 1622 12
878 1581 937 1623 nec
960 1561 1046 1624 enirn
1069 1583 1166 1644 nunc,
1191 1563 1265 1645 quia
1288 1560 1402 1625 dolent

255 1663 405 1726 iniuriam
428 1666 592 1745 acceptam
615 1659 789 1737 Samnites,
825 1660 879 1724 sed
901 1661 977 1744 quia
1004 1661 1146 1745 gaudent
1167 1662 1305 1727 oblatam
1338 1663 1401 1726 sibi

256 1785 326 1828 esse
349 1785 491 1839 causam,
514 1767 737 1847 oppugnatum
759 1783 819 1826 nos
843 1763 985 1827 veniunt.
1025 1762 1106 1846 (Der
1129 1764 1219 1828 dolor
1240 1764 1283 1826 ist
1305 1764 1397 1828 wirk-

158 1868 166 1883 ‘
256 1865 320 1930 lich
357 1865 566 1949 vorhanden.)
611 1865 698 1928 Aber
731 1866 766 1927 in
800 1864 861 1928 den
888 1865 1023 1949 obrigen
1051 1866 1073 1928 4
1101 1863 1222 1929 Stellen
1250 1871 1403 1930 erwartet

257 1989 329 2031 man
355 1968 416 2031 den
440 1965 650 2050 Oonjunctiv:
674 1967 703 2045 8,
731 1967 778 2043 19,
802 1967 822 2029 3
845 1966 1008 2049 valuitque
1031 1987 1069 2029 ea
1090 1966 1220 2050 legatio,
1244 1988 1308 2030 uon
1332 1972 1400 2031 tam

255 2070 329 2152 quia
357 2089 467 2151 pacem
502 2068 653 2133 volebant
680 2067 851 2149 Samnites,
887 2088 981 2149 quam
1012 2069 1086 2150 quia
1114 2069 1257 2132 nondum
1292 2071 1399 2150 parati

255 2173 346 2234 erant
368 2169 407 2232 ad
430 2169 559 2232 bellum.
607 2170 660 2252 10,
683 2170 739 2247 41,
765 2169 804 2231 12
833 2168 871 2232 ad
900 2169 1011 2232 urbem
1035 2168 1179 2252 Scipioni
1207 2170 1326 2234 maiore
1350 2193 1399 2235 re·

254 2272 380 2335 sistitur
403 2272 448 2351 vi,
477 2291 542 2334 uon
564 2271 639 2353 qnia
660 2270 732 2353 plus
754 2270 851 2334 animi
874 2270 968 2334 victis
996 2273 1058 2347 est,
1087 2271 1142 2335 sed
1172 2271 1286 2335 melius
1315 2275 1399 2337 muri

254 2394 349 2456 quarn
371 2372 492 2438 vallum
514 2378 653 2436 armatos
676 2374 794 2437 arcent.
839 2373 891 2452 33,
907 2371 960 2449 27,
979 2372 999 2435 6
1028 2371 1060 2435 id
1083 2394 1103 2436 a
1124 2371 1273 2447 Quinctio
1300 2373 1399 2439 facile

254 2476 467 2558 impetratum,
491 2495 556 2537 non
579 2473 655 2556 quia
676 2473 754 2536 satis
777 2472 895 2556 dignos
918 2494 973 2536 eos
996 2472 1155 2550 credebat,
1178 2472 1232 2537 sed
1256 2477 1336 2557 quia
1359 2517 1398 2526 -

254 2578 346 2640 favor
368 2574 587 2639 conciliandus
609 2578 688 2638 erat.
733 2575 786 2657 40,
810 2575 862 2651 33,
885 2575 906 2636 2
928 2574 1128 2639 morantibus
1149 2575 1206 2652 iis,
1235 2597 1300 2638 non
1323 2578 1398 2661 quia

254 2678 315 2760 ipsi
338 2677 478 2758 cunctati
502 2681 590 2759 sunt,
621 2677 675 2739 sed
699 2677 775 2759 quia
796 2676 958 2759 profectos
982 2713 1020 2722 —
1044 2676 1150 2740 inflati
1170 2698 1280 2740 amnes
1310 2682 1399 2741 tene-

255 2782 341 2846 bant.
385 2778 477 2843 Ebcn
500 2800 535 2843 so
560 2780 718 2842 incorrect
741 2776 840 2841 Veli.
866 2778 998 2857 1,12,2
1021 2779 1122 2863 magis
1146 2779 1222 2861 quia
1244 2779 1399 2843 volebant

254 2918 294 2927 -
326 2879 467 2964 eredere,
495 2902 591 2964 quam
621 2881 695 2963 quia
722 2878 879 2943 credenda
906 2879 1130 2942 afferebantur.
1177 2877 1250 2943 Und
1280 2882 1302 2943 4
1330 2881 1397 2945 Mal

254 2983 304 3045 bei
327 2982 507 3047 Tacitus:
530 2982 604 3047 dial.
627 2983 667 3047 37
692 3003 758 3045 non
781 2981 857 3065 quia
878 2980 963 3044 tanti
981 2981 1043 3044 fuit
1064 2980 1209 3065 (Madvig
1231 2982 1396 3066 corrigirt:
1419 3064 1421 3068 ,

252 3084 374 3168 fuerit).
417 3083 448 3151 h.
471 3085 509 3166 3,
531 3086 553 3147 4
579 3106 645 3148 non
668 3083 744 3167 quia
765 3080 923 3146 industria
946 3080 1088 3145 Flaviani
1111 3082 1240 3166 egebat,
1272 3083 1327 3146 sed
1350 3090 1396 3148 ut.

253 3185 346 3269 (Hier
374 3206 449 3270 mag
477 3185 533 3250 der
561 3186 671 3250 Grund
699 3186 746 3248 als
773 3181 988 3248 thats'rtchlich
1017 3183 1151 3268 gelten.)
1195 3205 1270 3247 ann.
1297 3186 1353 3266 13,
1381 3189 1394 3249 l

253 3287 417 3370 nunquia
444 3287 566 3371 ingenii
595 3287 748 3350 violentia
776 3286 908 3350 exitium
937 3284 1133 3366 irritaverat,
1162 3284 1271 3369 segnis
1300 3290 1333 3350 et
1356 3326 1393 3334 ·—

252 3388 425 3453 fastiditus.
473 3388 519 3470 15,
534 3389 576 3453 60
598 3410 671 3455 non.
687 3389 763 3472 quia
785 3386 1016 3452 coniurationis
1038 3385 1245 3450 manifestum
1268 3408 1392 3473 compe·

255 3494 351 3569 reret,
375 3490 430 3553 sed
452 3492 489 3553 ut
509 3489 594 3554 ferro
617 3492 827 3574 grassaretur.

339 3590 528 3655 Auffallend
556 3593 599 3656 ist
631 3595 710 3674 quin
743 3595 823 3655 statt
849 3592 927 3672 quia
954 3610 1020 3654 uon
1052 3590 1085 3652 in
1119 3588 1175 3652 der
1203 3588 1398 3677 Bedeutung

255 3694 347 3776 „weil
376 3698 459 3757 etwa
486 3692 591 3770 nicht,
620 3694 667 3757 als
696 3694 737 3758 ob
766 3693 885 3775 nicht“,
914 3690 997 3754 ohne
1026 3690 1097 3753 dass
1126 3690 1183 3753 der
1213 3692 1396 3776 Gegensatz

255 3795 314 3858 mit
341 3796 395 3859 sed
422 3796 513 3878 folgt.
558 3793 632 3858 Wir
662 3795 763 3859 haben
793 3794 886 3857 dafdr
914 3814 976 3856 nur
1005 3789 1185 3876 ssseiage:
1222 3791 1320 3857 Cato
1344 3817 1396 3878 ap,

255 3895 337 3959 Gell.
362 3898 411 3978 17,
437 3898 495 3979 13,
517 3897 537 3960 3
561 3897 645 3959 haud
668 3917 721 3961 eos
743 3917 777 3961 eo
806 3900 1003 3979 postremum
1029 3894 1147 3974 scribo,
1177 3894 1256 3977 quin
1283 3898 1398 3979 populi

255 4001 288 4061 et
315 3998 390 4062 boni
419 4002 452 4063 et
486 4000 609 4062 strenui
641 3998 735 4063 sient.
783 3997 855 4062 Und
885 3996 968 4061 ohne
996 3997 1132 4080 Angabe
1161 3996 1249 4060 eines
1278 3999 1397 4062 Autors

255 4099 402 4164 ebendas.
458 4100 522 4181 §2
554 4121 619 4163 non
657 4101 771 4165 idcirco
808 4120 919 4163 causas
951 4098 1106 4164 isocrates
1141 4119 1207 4161 non
1240 4096 1395 4173 defendit,

255 4201 333 4283 quin
347 4201 379 4264 id
402 4201 481 4265 utile
503 4223 571 4265 esse
594 4207 626 4265 et
647 4201 816 4265 honestum
833 4200 1033 4264 existimarit.
1066 4200 1153 4264 Abcr
1168 4198 1254 4264 diese
1270 4199 1394 4265 Bruch-

254 4301 366 4365 stiicke
387 4302 492 4367 lassen
516 4301 607 4366 nicht
628 4302 801 4385 erkennen,
826 4323 888 4366 was
910 4308 994 4366 etwa
1015 4301 1073 4365 auf
1092 4302 1137 4365 sie
1159 4299 1271 4384 folgte.
