2926 5062
618 301 824 364 ..55-

128 451 185 521 M.
207 452 320 517 Porcio
343 475 396 518 me
418 453 560 519 dedicavi
588 457 685 537 atquo
714 452 868 537 despondi
896 455 991 537 atque
1018 453 1170 538 delegavi.
1216 455 1287 521 Hoc

131 555 238 619 etiam
258 558 402 639 „atquc“
425 554 510 619 unde
532 556 650 638 putas?
694 553 743 619 Ex
766 554 837 637 ipso
859 555 958 618 furor.

224 656 364 722 Cicero
387 656 560 721 vermeidet
581 656 648 720 dies
671 656 914 741 geflissentlich,
938 654 1019 720 doch
1042 660 1116 742 sagt
1136 679 1169 721 er
1185 657 1284 740 (wohl

133 781 193 823 um
215 780 253 821 zu
275 757 434 843 steigern)
456 757 496 822 ad
518 757 595 822 fam.
622 761 649 840 1,
671 760 728 822 ha
750 760 780 839 ξ.
803 757 839 822 4:
862 758 896 822 in
921 759 1038 823 virtute
1061 762 1156 843 atquc
1179 761 1212 823 in
1236 782 1284 824 re-

134 861 198 924 bus
219 862 322 945 gestis
344 860 409 924 tuis
431 864 527 943 atque
549 861 584 923 in
605 864 662 923 133
683 860 853 942 gravitate.
899 858 985 925 Oder
1007 860 1058 924 die
1081 862 1191 926 zweite
1208 861 1283 926 Par-

133 962 218 1027 tilrel
240 964 285 1026 ist
312 962 369 1026 der
397 965 503 1026 ersten
528 961 694 1026 stilistisch
724 959 988 1046 untergeordnet:
1027 964 1113 1047 legg.
1136 964 1166 1041 3,
1189 963 1220 1046 9,
1238 964 1284 1052 20

134 1067 234 1147 atque
267 1068 303 1129 ut
332 1062 369 1129 0.
407 1063 597 1127 Flaminium
630 1067 724 1146 atque
753 1084 790 1127 ea
817 1100 859 1110 —
886 1063 1073 1147 relinquam.
1119 1063 1204 1128 Oder
1234 1066 1284 1130 die

133 1164 395 1251 Wiederholung
411 1187 471 1229 von
489 1171 584 1247 atque
598 1165 640 1229 ist
655 1163 757 1228 durch
773 1165 824 1229 die
839 1164 933 1229 weite
948 1164 1128 1250 Trennung
1143 1168 1284 1251 weniger

133 1266 331 1350 autfallend,
366 1267 425 1332 wie
455 1265 549 1333 Catil.
573 1268 609 1350 3,
637 1266 674 1350 6,
701 1267 738 1331 15
760 1267 839 1346 (drci
862 1266 954 1352 Mal).
999 1288 1031 1350 p.
1056 1264 1142 1333 Cael.
1170 1268 1218 1352 19,
1241 1270 1283 1334 45

134 1371 185 1453 (in
209 1368 301 1434 sechs
325 1368 433 1434 Zeilen
457 1369 522 1432 vier
546 1368 637 1451 Mal).
675 1368 772 1434 Sonst
793 1369 874 1433 11331
888 1391 922 1433 er
937 1368 988 1433 die
1000 1369 1170 1454 einsilbige
1187 1369 1282 1435 Form

133 1473 196 1537 mit
217 1472 274 1537 der
295 1472 515 1557 zweisilbigcn
539 1470 807 1536 abwechseln:
852 1470 943 1537 Verr.
965 1472 996 1551 3,
1019 1472 1061 1536 25
1083 1471 1142 1537 133
1164 1494 1281 1536 novum

133 1597 172 1639 ac
194 1573 358 1659 singulare
381 1578 475 1657 atque
498 1572 685 1637 incredibile
714 1595 817 1658 genus
845 1573 1044 1638 iniuriarum.
1089 1597 1120 1658 p.
1156 1574 1281 1640 Cluent.

134 1678 176 1742 66
200 1698 238 1741 33
260 1675 328 1740 dies
351 1682 462 1739 cinnes
485 1679 581 1760 atque
603 1680 716 1740 noctes
740 1713 780 1720 -
803 1674 969 1759 cogitaret.
1013 1697 1045 1758 p.
1069 1674 1162 1739 Font.
1187 1677 1207 1741 8
1229 1700 1282 1761 pe-

134 1778 263 1845 cuniam
285 1779 383 1842 semel
405 1782 499 1861 atque
521 1777 637 1840 iterum
659 1798 697 1840 33
719 1778 845 1860 333ρί33
869 1813 910 1824 -
940 1776 1025 1840 dare.
1070 1776 1178 1861 parad.
1201 1779 1237 1856 3,
1261 1779 1281 1841 2

135 1871 170 1944 13
192 1880 267 1944 sede
289 1902 327 1945 ac
350 1878 443 1943 domo
460 1881 554 1963 atque
570 1879 605 1942 in
620 1878 793 1963 republica.
838 1877 919 1942 Hier
941 1878 983 1942 ist
1005 1877 1126 1942 dherall
1151 1880 1202 1942 die
1218 1881 1282 1944 Ab·

133 1982 219 2047 31311
240 2004 280 2047 zu
302 1983 443 2067 steigern
466 1980 664 2050 bomerkbar.
709 1978 817 2045 (lues.
839 1981 867 2046 b.
890 2001 923 2064 g.
947 1980 976 2060 3,
1000 1980 1029 2058 9,
1054 1981 1083 2044 ’1.
1128 1982 1157 2062 7,
1187 1982 1235 2063 12,
1261 1983 1281 2047 5

135 2084 241 2168 (nicht
263 2083 500 2167 Polysyndeta).

219 2185 407 2251 Dichter:
444 2184 536 2269 Virg.
562 2185 598 2249 G.
620 2186 658 2266 4,
692 2184 755 2249 343
789 2187 883 2267 atque
909 2183 1041 2268 Ephyre
1069 2187 1164 2268 atque
1192 2186 1279 2270 Opis.

128 2289 196 2360 ,463
220 2292 317 2372 atque
340 2287 440 2352 Getae
463 2291 557 2370 atque
580 2285 717 2351 Hebrus.
763 2284 990 2370 Widerwaru'g
1017 2286 1197 2352 1311131311
1228 2288 1278 2371 68,

138 2391 196 2456 152
218 2391 297 2455 haec
319 2394 413 2473 atque
436 2389 492 2453 illa
514 2388 581 2453 dies
604 2391 698 2472 atque
720 2386 783 2452 alia
805 2390 899 2471 atque
921 2387 993 2479 alia.
1364 2397 1367 2400 ’

218 2492 304 2557 Τ33.
328 2491 402 2557 dial.
430 2493 465 2555 17
489 2491 541 2575 (33
559 2528 598 2537 -
614 2494 826 2575 atque-ao;
863 2489 939 2554 abor
974 2489 1073 2555 durch
1097 2489 1279 2555 Zwischen-

135 2595 256 2680 glieder
278 2594 388 2658 mitet
412 2614 471 2657 von
493 2592 648 2657 einander
669 2592 843 2679 getrennt).
885 2591 923 2655 16
945 2613 983 2655 33
1004 2590 1083 2656 mihi
1114 2597 1280 2658 versantur

134 2701 208 2762 ante
230 2697 340 2761 oculos
362 2695 473 2762 Ulixes
496 2717 534 2758 ac
549 2693 678 2759 Nestor.
716 2693 746 2762 h.
774 2696 801 2777 1,
822 2694 864 2757 46
887 2715 924 2757 ac
946 2715 1053 2758 rursus
1077 2695 1158 2761 alius
1183 2700 1279 2780 atque

136 2799 226 2882 alius,
249 2798 360 2864 eadem
383 2803 527 2881 egestate
550 2818 586 2860 ac
611 2796 744 2860 licentia
767 2796 920 2880 corrupti.

218 2901 325 2966 Suet.
349 2900 561 2985 (1311311233
584 2920 625 2962 33
649 2899 733 2963 virili
755 2897 883 2981 quidem
905 2919 942 2963 33
966 2898 1103 2983 denique
1126 2899 1277 2969 humano.

136 3041 175 3051 -
199 3002 291 3068 Auch
316 3002 360 3066 im
383 3000 705 3086 83111313111131311
728 2999 920 3064 vermiedcn.

220 3106 270 3169 12.
314 3103 360 3169 Es
381 3103 509 3168 werden
532 3124 599 3167 nun
621 3101 705 3167 noch
728 3101 833 3185 einige
856 3101 1054 3187 Kategorien
1081 3104 1276 3188 autgestellt,

134 3208 183 3273 die
205 3206 256 3272 ioh
279 3207 332 3271 fiir
355 3205 605 3289 i'rberfltissig
628 3204 728 3286 halte,
750 3204 823 3269 weil
845 3204 879 3268 in
902 3203 1001 3270 ihnen
1023 3211 1117 3288 atquc
1140 3207 1213 3287 (wie
1235 3209 1276 3291 et)

74 3348 81 3358 -
133 3333 193 3376 nur
215 3310 297 3374 dazu
319 3308 422 3392 dient,
452 3329 506 3372 um
533 3306 584 3373 die
607 3307 695 3371 Rode
722 3306 937 3372 fortznsetzen
960 3307 1024 3371 und
1048 3311 1145 3372 etwas
1167 3307 1275 3373 Neues

137 3411 383 3496 hinzuzufngen.
427 3408 536 3475 Dahin
559 3408 677 3474 rechne
699 3409 751 3474 ioh
1227 3490 1233 3505 .

216 3515 249 3599 3)
276 3513 327 3577 die
350 3512 512 3577 weitere
536 3510 807 3596 Begrtindung
822 3508 1035 3588 einerSaohe,
1051 3511 1111 3573 wie
1128 3509 1193 3576 (lic.
1211 3510 1273 3594 leg.

133 3615 218 3683 Man.
241 3616 262 3681 8
284 3618 381 3700 atque
402 3618 439 3678 ut
459 3634 570 3678 omnes
593 3612 779 3697 intelligant
800 3650 852 3696 -,
876 3611 946 3676 dico
969 3614 1024 3677 ott.
1047 3611 1132 3677 Phil.
1148 3613 1178 3692 3,
1202 3613 1275 3678 933

134 3740 175 3782 ne
197 3719 266 3782 sine
289 3738 384 3781 causa
406 3715 566 3780 videretur
588 3715 736 3783 edixisse.

216 3819 246 3901 b)
270 3819 321 3884 die
344 3817 437 3884 Sdtze
459 3817 518 3880 mit
544 3816 729 3902 folgendem
758 3817 835 3882 adeo
862 3816 938 3880 oder
969 3818 1079 3901 etiam,
1108 3816 1144 3881 in
1171 3816 1275 3882 denen

133 3923 185 3986 ein
207 3921 336 3986 rascher
361 3919 551 3984 Fortschritt
573 3920 627 3984 der
652 3919 861 4004 Darstellung
884 3917 1098 4004 beabsiohtigt
1120 3919 1208 3983 wird.

215 4028 247 4104 3)
286 4023 336 4086 die
372 4022 599 4107 Anknilpfung
635 4021 722 4086 eines
759 4020 980 4105 speciellen
1023 4019 1156 4085 Falles
1199 4021 1275 4085 oder

134 4125 293 4189 Punktes:
337 4124 404 4189 cie.
438 4123 476 4187 de
513 4146 558 4187 or.
596 4128 627 4207 1,
655 4126 735 4188 233
763 4123 844 4187 mihi
881 4122 1054 4206 repetenda
1082 4127 1131 4187 est
1158 4124 1274 4188 veteris

134 4226 296 4290 cniusdam
327 4226 496 4289 memoriae
533 4262 574 4272 -
606 4225 794 4290 recordatio.
839 4225 874 4307 2,
904 4225 921 4287 'l
950 4227 1045 4307 atquc
1073 4223 1104 4287 id
1137 4225 1273 4308 primum

134 4329 167 4391 in
188 4327 294 4412 poetis
316 4328 403 4391 cerni
426 4327 509 4392 licet.
546 4347 611 4410 rep.
637 4329 665 4410 1,
688 4326 730 4392 26
752 4331 848 4409 atquc
870 4326 985 4390 horum
1000 4326 1097 4389 trium
1119 4347 1273 4410 generum

136 4429 276 4513 quodvis.
322 4427 429 4492 Daren
462 4427 635 4493 schliessen
673 4429 743 4492 sich
774 4429 824 4492 die
856 4427 1026 4512 allgemein
1055 4427 1273 4511 gebrauchten
