3024 5070
591 347 820 412 -741-

127 500 235 565 hostes
262 501 385 585 priores
411 521 477 567 non
505 501 676 584 cepissent.
722 498 814 564 Sall.
839 499 909 566 Cat.
933 502 977 565 40
998 502 1103 585 vobis,
1130 501 1274 567 simodo

126 601 186 666 viri
202 623 271 667 5555
286 603 392 685 voltis,
407 604 565 667 rationem
581 601 756 666 ostendam.
794 603 844 681 51,
861 604 900 668 37
917 624 1018 686 neque
1038 603 1102 668 illis
1123 604 1274 688 superbia

127 704 359 789 obstabatque
381 705 487 769 minus
510 704 616 768 aliena
637 703 803 785 instituta,
834 704 861 768 si
882 726 925 767 m.
949 704 1050 787 proba
1072 710 1180 790 erant,
1203 706 1272 772 imi·

126 809 280 870 tarentur.
612 798 614 801 ⁸

212 906 271 972 Bai
299 907 434 972 Livius
462 906 577 971 selten:
616 907 666 989 23,
695 907 746 990 42,
778 907 826 970 13.
850 944 892 954 -
916 906 995 970 Val.
1018 907 1114 972 Max.
1141 910 1168 991 7,
1198 909 1272 988 8,8

126 1009 154 1072 si
175 1031 218 1072 m.
241 1009 340 1087 vires,
370 1030 447 1092 quas
479 1008 596 1072 habere
624 1009 777 1086 creditur,
809 1009 962 1092 possidet.
1007 1007 1113 1073 (lurt.
1137 1010 1168 1092 7,
1197 1011 1271 1088 4,8

125 1111 269 1194 magicae
292 1110 370 1174 artis
392 1109 433 1193 (si
456 1110 550 1172 modo
571 1130 622 1172 ars
646 1114 708 1187 est,
736 1131 802 1174 non
830 1109 994 1173 vanissimi
1017 1109 1169 1194 cuiusque
1191 1110 1271 1175 ludi-

126 1202 243 1291 brium)
266 1212 370 1299 magis
400 1210 598 1295 professione
620 1231 713 1295 quam
744 1211 878 1275 scientia
905 1210 1037 1274 celeber.
1082 1211 1167 1276 Tac.
1196 1211 1270 1281 dial.

125 1314 145 1377 9
167 1313 256 1377 adice
279 1312 362 1397 quod
378 1312 490 1395 poetis,
512 1311 540 1376 si
563 1312 658 1376 modo
681 1311 814 1397 dignum
830 1311 959 1397 aliquod
976 1312 1141 1377 elaborare
1157 1313 1269 1396 velint,

61 1400 67 1411 ’
111 1414 334 1499 ,relinquenda
367 1414 636 1477 conversatio—
667 1415 723 1482 551.
767 1413 870 1479 Suet.
902 1413 996 1479 Dom.
1028 1414 1067 1479 16
1096 1415 1122 1479 51
1151 1437 1193 1480 m.
1223 1417 1268 1480 uti

124 1515 404 1582 115551111Ρ115.
429 1536 476 1598 55.
500 1515 529 1591 3,
555 1518 583 1598 1,
609 1516 636 1585 1,

208 1618 244 1703 5)
279 1615 457 1681 Aebnliche
490 1615 751 1680 besohrankende
783 1616 974 1701 Bedeutung
1006 1618 1063 1681 bat
1093 1619 1122 1682 ai
1153 1622 1269 1703 tomen,

124 1720 270 1783 1515551
297 1716 547 1783 nachlrlassisch.
592 1717 826 1782 Β511.ΑΙ51
850 1719 891 1783 63
921 1717 969 1782 515
998 1719 1117 1784 Ρ51551
1118 1717 1209 1783 hese:
1242 1720 1269 1783 si

123 1825 229 1885 tamen
254 1824 359 1901 (wenn
383 1817 521 1882 namlich
537 1817 733 1903 wirlrlicb)
725 1840 759 1882 rn
782 1819 930 1883 omnibus
953 1819 1016 1883 fuit
1031 1819 1168 1898 Cassius,
1193 1842 1269 1885 nam

123 1923 277 1986 debuine
308 1920 506 1985 conscientia
532 1919 749 1984 dubitabatur.
796 1921 898 1985 Ovio
920 1925 996 1986 met.
1018 1921 1135 2004 54,36
1164 1921 1270 2006 aliqua

122 2023 256 2089 etmihi
279 2023 385 2106 gratia
412 2025 513 2105 ponto
542 2027 606 2107 551,
638 2023 665 2087 51
693 2028 864 2086 t-amen
888 2044 1003 2107 spuma
1028 2023 1087 2087 fui.
1135 2024 1182 2101 10,
1206 2024 1269 2089 323

122 2126 297 2209 scelerique
317 2124 457 2188 resistite
480 2127 606 2202 nostro,
635 2125 708 2189 511.
731 2123 793 2189 555
821 2125 924 2189 555155
953 2126 1266 2209 551.11151.3,14,

121 2229 172 2293 24.
219 2227 320 2291 Plin.
346 2248 394 2309 55.
416 2226 494 2308 3,1
498 2276 506 2308 ,
479 2226 556 2289 14
582 2227 743 2289 15151555
770 2227 867 2291 etiam
896 2227 1118 2310 praesentibus
1147 2228 1267 2307 amicis,

123 2332 280 2394 51151555
309 2327 356 2390 illi
379 2348 445 2391 non
467 2330 652 2410 gravantur.
697 2326 811 2392 Mart.
838 2331 865 2402 1,
889 2329 940 2407 53,
963 2327 984 2390 2
1006 2332 1134 2393 5551155
1162 2330 1268 2392 dicere

122 2432 148 2494 51
172 2434 280 2494 tamen
303 2427 429 2493 libellos
451 2428 581 2511 possim.
625 2429 657 2511 5,
682 2429 732 2511 74,
758 2431 774 2491 1
798 2429 902 2513 ipsum
924 2434 1011 2493 terra
1038 2429 1121 2513 tegit
1142 2428 1267 2513 Libyes,

122 2533 149 2597 si
171 2536 194 2595 t.
219 2530 285 2595 ulla
306 2532 398 2616 tegit.
445 2528 516 2593 Von
541 2529 581 2592 da
603 2530 643 2594 ab
666 2531 783 2594 nimmt
804 2530 860 2595 der
883 2529 1053 2596 Gebrauch
1075 2552 1129 2594 zu:
1153 2531 1266 2614 Apul.

121 2636 196 2698 met.
220 2634 250 2711 6,
273 2633 294 2696 9
316 2632 342 2695 si
364 2635 471 2695 tomen
495 2631 628 2696 omnino
644 2652 760 2716 „wenn
776 2630 1144 2716 5551155555155551.“
1179 2631 1268 2712 9,15

122 2737 149 2799 51
182 2739 292 2799 tamen
321 2771 362 2782 —
391 2733 565 2798 tribuisset.
612 2735 661 2813 11,
684 2735 705 2798 3
732 2734 761 2798 51
793 2738 901 2798 tamen
933 2723 1092 2798 tribuerit.
1136 2734 1265 2818 Spart.

121 2836 211 2904 Ρ555.
235 2838 265 2900 8.
310 2833 561 2919 CapitMacr.
587 2838 614 2899 1.
659 2832 938 2903 7155751552.
976 2834 1128 2911 115513,
1150 2836 1201 2914 28,
1229 2837 1265 2900 17

121 2936 197 3000 5155
216 2936 406 3000 Academiae
425 2936 592 3018 disciplina
613 2937 764 3013 manavit,
788 2938 853 3001 511.
872 2936 1041 3019 disciplina
1064 2936 1128 2999 dici
1150 2939 1266 3019 551551,

120 3039 153 3101 15
176 3059 240 3121 qua
262 3037 426 3122 ignoratio
449 3040 483 3100 et
504 3037 638 3100 discitur
660 3039 693 3100 et
714 3037 853 3102 docetur.
897 3037 1047 3101 Dieselbe
1071 3035 1206 3100 Phrasc:
1234 3036 1265 3118 2,

123 3143 171 3222 11,
203 3139 242 3203 13
271 3139 298 3201 51
329 3143 351 3204 t.
384 3138 468 3202 ratio
503 3137 564 3201 dici
597 3141 713 3220 potest.
757 3138 788 3217 3,
811 3137 841 3215 2,
864 3137 885 3200 2
907 3138 934 3200 51
961 3141 984 3200 t.
1014 3140 1122 3220 potest
1153 3157 1266 3220 corpus

121 3241 239 3306 vocari.
283 3239 331 3303 ira
354 3238 414 3303 Dei
442 3239 488 3316 17,
512 3239 712 3303 85115555
745 3239 903 3322 patientia
932 3238 1130 3303 nominanda
1158 3241 1206 3301 551
1234 3242 1266 3301 51

120 3367 184 3409 555
207 3348 329 3428 stupor.

204 3445 236 3532 c)
258 3443 447 3511 8155551155
461 3463 576 3525 „weuu
592 3440 759 3506 wirklich“
782 3442 861 3506 fand
884 3442 937 3506 ich
959 3464 1021 3507 nur
1042 3442 1265 3508 5511151511.

121 3548 161 3612 ad
176 3546 254 3610 Her.
271 3546 291 3609 2
307 3549 328 3627 ξ
342 3545 384 3609 23
400 3543 524 3626 551555,
548 3546 575 3608 51
597 3566 638 3609 5.
655 3543 856 3609 necessitudo
872 3547 1040 3629 quaepiam
1062 3545 1168 3627 fuerit,
1192 3566 1265 3609 con·

120 3649 271 3714 veniatne
283 3649 339 3711 ott.
369 3645 444 3728 §26
456 3645 483 3709 51
496 3668 537 3712 m.
552 3645 598 3709 115
610 3645 661 3723 511,
678 3667 756 3710 num
768 3667 806 3711 55
820 3667 854 3710 15
865 3646 995 3711 concedi
1013 3667 1067 3710 reo
1083 3647 1264 3712 conveniat.

205 3750 240 3834 d)
268 3749 453 3830 55551555
479 3769 595 3828 „wenn
623 3746 885 3812 5551155115115
914 3750 1021 3812 zuerst
1042 3771 1099 3812 555
1122 3748 1264 3814 Cicero

120 3854 230 3938 belegt
256 3848 321 3914 und
349 3850 407 3914 551
436 3846 536 3913 55555
569 3850 621 3914 551
649 3849 717 3913 ihm
746 3849 898 3914 nuweilen
927 3850 998 3914 eine
1022 3851 1184 3915 causale
1207 3850 1265 3916 Be·

120 3959 272 4039 deutung,
296 3953 356 4017 wie
377 3954 543 4034 quoniam,
567 3951 628 4016 den
652 3951 882 4016 bekannten
904 3951 1015 4017 Grund
1039 3952 1264 4017 bezeichnend.

113 4059 163 4131 ,So
187 4059 245 4121 555
267 4054 386 4141 grieoh.
412 4058 517 4135 51555.
563 4052 629 4118 Der
650 4053 849 4139 regelrechte
872 4053 988 4118 Modus
1016 4054 1060 4118 ist
1081 4054 1138 4117 der
1158 4053 1264 4118 Indi·

121 4160 241 4238 cativ,
265 4157 347 4222 doch
369 4155 471 4220 findet
493 4155 560 4221 sich
583 4157 679 4234 auch,
704 4154 901 4220 namentlicb
923 4156 967 4219 im
990 4155 1185 4238 Spbtlatein,
1210 4156 1266 4220 der

121 4260 321 4344 Conjunotiv.
360 4257 753 4327 (1155151101155555
775 4293 816 4304 -
838 4279 932 4341 quam
956 4278 993 4321 55
1015 4278 1086 4322 5515
1109 4256 1264 4341 prodierit

120 4365 154 4428 in
169 4361 296 4427 lucem?
330 4360 507 4446 Siquidem
525 4366 601 4427 5515
617 4360 742 4426 Solonis
763 4363 901 4424 aetatem
917 4359 957 4424 de
978 4359 1068 4424 nullo
1091 4367 1128 4423 ut
1148 4359 1265 4424 diserto

122 4463 293 4532 memoriae
315 4463 477 4546 proditum
500 4466 559 4528 est.
602 4460 697 4528 Tuso.
724 4465 750 4545 1,
778 4467 788 4525 l
816 4483 891 4526 nam
920 4483 991 4526 curn
1020 4461 1103 4545 apud
1127 4461 1264 4528 Graecos
