3024 5070
686 327 721 334 -
770 287 915 350 158-

226 442 456 528 hingewiesen.
491 440 598 506 Ueber
619 443 648 505 si
669 461 743 519 555,
765 441 794 504 si
815 440 922 504 minus
944 439 993 507 od.
1017 459 1103 505 semes
1124 461 1150 504 s.
1174 440 1278 520 5557
1288 451 1389 505 a—c'.

228 547 336 614 Ueber
357 546 410 610 sim
431 542 481 607 ud.
504 545 556 607 sin
578 548 682 608 autem
704 541 815 624 5556.
849 539 1007 624 Beispiele
1029 541 1082 605 fiir
1104 541 1154 606 die
1171 542 1393 628 Ausiassung

229 650 316 714 einer
338 645 436 710 Form
460 644 514 708 des
537 643 697 708 Verbums
726 664 795 707 esse
824 642 896 706 sind
924 642 958 706 in
981 645 1001 724 ξ
1025 642 1087 708 116
1116 644 1278 728 gegeben.
1327 644 1393 710 0st

229 752 273 814 ist
304 749 361 811 das
389 745 475 810 Verh
505 744 605 809 leichi
634 767 690 809 aus
719 744 790 808 dem
819 742 1100 827 Zusammenhaug
1134 765 1171 807 zu
1201 755 1390 829 erganzen,

230 851 289 915 wie
319 848 396 914 cio.
426 869 456 911 5.
481 846 510 910 d.
533 847 554 911 3
581 850 601 928 ξ
625 846 664 910 81
694 845 805 930 periii3
836 846 864 909 si
892 844 975 930 (scil.
999 845 1109 933 periit)
1139 847 1215 929 quia
1238 845 1392 912 Drusum

235 990 267 1000 -
301 949 487 1023 sustulerat,
520 948 593 1012 illos
627 947 808 1013 conservari
837 946 949 1010 melius
976 945 1051 1010 fuit.
1096 950 1163 1011 Act.
1202 949 1256 1031 l5,
1280 948 1324 1013 23
1361 949 1392 1013 si

232 1053 308 1139 quid
336 1052 411 1116 novi
443 1049 522 1132 (scil.
552 1054 615 1129 est,
643 1050 772 1131 scribe).
819 1047 956 1111 Livius
988 1048 1167 1133 gebrauchi
1195 1049 1281 1114 nach
1311 1050 1393 1116 dem

232 1152 454 1239 griechischen
487 1151 517 1215 εἰ
537 1150 583 1233 μή
605 1174 637 1214 τι
659 1146 740 1215 ἄλλο
763 1150 814 1214 die
837 1148 963 1213 Formel
992 1153 1022 1214 si
1048 1151 1131 1215 nihil
1153 1151 1246 1216 uliud
1268 1151 1304 1215 in
1329 1153 1394 1216 der

234 1256 426 1339 Bedeuiung
448 1253 703 1338 ‚,wenigstens“:
726 1253 757 1335 2,
778 1252 820 1316 43
843 1250 1176 1336 nec÷1losflagitium
1203 1290 1238 1299 —
1265 1274 1393 1337 cogere

232 1358 339 1445 potuit
361 1355 496 1441 gradum
519 1356 696 1420 accelerare
719 1359 783 1431 cut,
799 1353 828 1417 si
842 1352 927 1417 aliud
945 1352 1037 1432 nihil,
1053 1354 1173 1418 instare
1191 1354 1391 1425 instructos.

234 1463 264 1543 3,
292 1460 339 1538 19,
363 1458 383 1522 6
406 1458 432 1521 si
455 1456 537 1521 nihil
559 1456 655 1521 aliud.
700 1455 794 1520 Eheu
815 1476 851 1519 so
874 1454 1005 1539 gestelli
1025 1455 1102 1538 5,2,
1122 1458 1167 1521 11.
1190 1456 1392 1540 22,29,11.

234 1563 285 1640 30,
309 1561 366 1643 35,
389 1560 419 1623 8.
442 1559 495 1642 33,
517 1558 572 1635 44,
597 1557 625 1621 9.
649 1558 702 1640 45,
725 1558 777 1639 37,
799 1556 829 1624 4.
874 1554 1103 1641 Nachgeahmt
1129 1578 1191 1619 von
1220 1556 1332 1622 Curi.
1358 1560 1394 1641 4,

235 1665 265 1745 6,
288 1662 339 1726 28.
384 1658 546 1724 Aehnlich
569 1659 626 1722 ist:
649 1657 729 1722 Liv.
752 1658 805 1738 31,
829 1658 858 1740 Ἰ,
880 1657 901 1721 3
923 1656 986 1721 hoc
1007 1661 1163 1741 quantum
1186 1659 1336 1736 intersit,
1361 1662 1394 1725 si

235 1783 401 1846 uunquam
434 1762 531 1840 alias,
566 1760 712 1844 proximo
745 1762 830 1824 certe
864 1758 986 1824 Punico
1020 1759 1104 1823 bello
1136 1760 1260 1844 experti
1295 1762 1394 1826 estis.

237 1865 289 1946 32,
311 1864 342 1942 5,
365 1863 385 1927 8
407 1861 540 1941 bellum,
570 1860 748 1945 siquando
771 1882 913 1944 unquam
936 1865 1010 1924 5515
1040 1860 1136 1943 alias,
1164 1865 1234 1925 tum
1264 1883 1395 1948 magna

150 1963 153 1968 ’
238 1987 314 2031 eura
344 1965 520 2049 apparavit.
568 1961 642 2027 Wie
670 1962 721 2027 die
748 1961 930 2046 chssilrer,
958 1962 1137 2047 gebrauchi
1164 1984 1199 2027 er
1226 1962 1286 2028 das
1315 1964 1392 2030 rhe-

238 2066 380 2132 iorisehe
403 2068 481 2148 quid
501 2068 546 2130 si:
567 2065 599 2144 4,
621 2066 651 2148 5,
673 2066 702 2129 3.
727 2064 756 2144 9,
779 2065 810 2144 3,
836 2066 872 2128 ll
897 2087 927 2128 u.
951 2065 1044 2129 hfier.
1068 2064 1097 2149 9,
1120 2063 1150 2147 9,
1172 2064 1193 2129 6
1216 2067 1294 2149 quid
1317 2071 1396 2132 tan-

238 2170 326 2248 dem,
350 2168 386 2232 si.
418 2167 472 2249 28,
494 2166 544 2245 42,
570 2166 609 2230 12
631 2166 706 2250 quid
734 2187 845 2249 porro,
875 2167 913 2230 si.
936 2204 976 2214 —
1000 2165 1083 2231 Eine
1111 2166 1396 2251 eigenihiimiiche

238 2270 362 2353 Ellipse
384 2268 428 2332 im
451 2267 700 2351 flaupssatze
728 2269 787 2331 ist:
816 2267 867 2349 22,
890 2267 941 2348 50,
966 2268 984 2331 7
1015 2289 1079 2331 555
1107 2268 1143 2331 tu
1170 2267 1267 2353 („das'
1300 2271 1397 2337 wirst

239 2373 281 2437 du
303 2370 393 2435 nicht
420 2368 557 2452 ihun“),
586 2370 614 2433 si
642 2368 769 2452 quidem
792 2368 827 2432 h.
851 2369 981 2434 Aemilii
1012 2369 1154 2434 consulis
1182 2371 1271 2435 cives
1302 2374 1395 2438 estis.

241 2474 287 2539 Zu
315 2474 392 2539 weit
420 2470 621 2556 ausgedehnt
654 2469 816 2535 erscheini
849 2471 911 2535 mir
938 2470 1059 2553 jedoch
1090 2471 1140 2536 die
1171 2465 1397 2561 Behandlung

240 2577 297 2640 der
319 2593 690 2658 zusammengezogenen
714 2573 778 2636 und
802 2572 992 2636 verhiirzten
1015 2571 1317 2659 Bedingungsshtze
1341 2577 1397 2641 hei

241 2675 420 2743 Ghniher
448 2676 491 2739 im
526 2675 639 2760 Progr.
668 2696 730 2738 ron
760 2673 941 2759 Bromberg
973 2674 1049 2739 1811
1080 2674 1112 2739 S.
1139 2676 1279 2756 18-31,
1315 2680 1397 2743 aber

241 2779 292 2843 die
315 2775 590 2861 Reichhaltigheit
612 2777 667 2840 des
689 2776 763 2840 dori
784 2774 1021 2861 mitgeiheilien
1037 2774 1153 2841 Stoffes
1175 2779 1219 2842 ist
1241 2779 1331 2844 wohl
1356 2804 1396 2845 zu

241 2879 407 2944 heachten.

326 2979 498 3065 Ellipiisch
528 2980 572 3044 isi
600 2979 680 3044 auch
706 2982 829 3062 51555
856 2980 901 3044 im
923 2977 1023 3044 Sinne
1046 2979 1133 3044 eines
1155 2980 1253 3046 Pron.
1279 2983 1397 3064 indes„

241 3085 300 3148 wie
323 3082 402 3149 cie.
426 3084 493 3147 Art.
512 3083 562 3164 11,
579 3082 608 3164 6,
624 3082 644 3146 3
660 3080 849 3164 Trebonius,
866 3080 979 3159 Pansa,
1001 3081 1028 3144 si
1052 3082 1107 3165 qui
1129 3081 1194 3152 alii.
1227 3082 1264 3147 B.
1283 3084 1396 3172 Hisp.

239 3188 279 3251 31
305 3185 488 3250 ceciderunt
509 3181 543 3246 M
566 3183 731 3248 hominum
762 3184 889 3247 circiter
912 3182 1006 3249 XXX
1030 3186 1060 3246 51
1090 3184 1117 3246 si
1140 3184 1216 3269 quid
1239 3188 1397 3272 amplius.

240 3287 326 3353 Tac.
350 3309 424 3351 ann.
451 3289 484 3367 1,
507 3285 549 3350 28
578 3289 610 3350 et
638 3285 665 3348 si
695 3285 749 3348 alii
776 3285 862 3369 grati
889 3287 922 3349 in
951 3285 1077 3370 vulgus.
1122 3286 1159 3367 6,
1182 3287 1237 3352 36.
1285 3287 1397 3355 Suet.

241 3411 377 3474 gramm.
400 3388 420 3451 2
454 3387 501 3452 vel
525 3389 552 3450 si
580 3408 714 3471 quorum
743 3386 886 3450 aliorum.
933 3385 1136 3451 Entstanden
1165 3388 1209 3452 iss
1236 3387 1308 3454 dies
1337 3413 1399 3455 aus

243 3491 315 3554 dem
339 3488 507 3553 Gebrauch
535 3509 598 3552 von
624 3490 653 3552 si
681 3489 737 3570 qui
764 3491 844 3552 stati
871 3490 942 3571 qui:
976 3487 1053 3553 uio.
1087 3510 1119 3571 p.
1150 3488 1295 3555 Arch.3
1326 3514 1399 3557 555

243 3592 347 3655 solum
370 3591 478 3674 qui-
497 3591 727 3655 verumetiam
750 3590 777 3654 si
800 3589 864 3673 qui.
888 3590 1133 3672 6125515555,
1156 3589 1183 3653 si
1206 3591 1274 3674 qui.
1308 3591 1397 3659 Phil.

248 3694 295 3772 13,
322 3692 360 3756 18
383 3693 422 3755 iis
444 3692 558 3775 etiam,
582 3693 610 3757 si
633 3693 696 3777 qui.
727 3692 766 3756 de
794 3714 839 3757 or.
862 3690 892 3775 2,
914 3691 957 3754 44
978 3692 1017 3755 ad
1040 3713 1095 3756 eos
1118 3730 1158 3741 —
1181 3693 1210 3756 si
1237 3695 1308 3778 qui.
1338 3696 1399 3765 fin.

248 3797 275 3877 1,
301 3795 350 3876 17,
370 3793 413 3858 55
434 3795 546 3859 cadere
569 3815 675 3876 eausa,
699 3795 726 3858 si
748 3794 813 3878 qui.

379 4056 414 4126 4.
466 4053 787 4146 Redinyunqssutze
813 4055 898 4127 ohne
923 4029 1258 4147 Rediuquhysform.

331 4204 352 4282 ὅ
379 4200 452 4266 562.
496 4199 561 4264 Des
595 4200 998 4286 Bedinguugsverhiiliniss
1034 4200 1114 4264 wird
1151 4200 1244 4266 nicht
1282 4204 1402 4271 immet

249 4301 349 4368 durch
363 4302 579 4369 conditionale
595 4302 762 4368 Partiheln
783 4302 1007 4388 ausgedriiclrt,
1022 4302 1160 4367 sondern
1184 4324 1218 4366 es
1240 4303 1400 4374 hommen

248 4425 357 4469 ausser
390 4406 450 4470 den
484 4405 517 4468 in
551 4406 656 4487 §373
689 4404 901 4470 hehandelien
931 4403 1206 4469 Ooordinationen
1235 4408 1304 4472 und
1334 4410 1402 4476 den
