2956 5054
718 311 944 375 -166-

347 466 381 551 b)
417 464 518 530 Enim
540 465 588 528 818
611 465 762 529 vientes
784 464 881 529 Wort
902 464 1027 528 kommt
1048 464 1081 527 in
1104 462 1232 527 Prosa
1259 484 1328 526 nur
1350 483 1417 539 vor,

262 590 358 632 wenn
382 567 479 632 lrurze
503 567 611 647 (meist
625 565 812 651 einsilbige)
835 585 899 650 eng
922 564 1270 630 verbundeneWbrter
1286 563 1418 627 888881-

264 669 387 754 gehen:
412 668 597 735 0181888.
616 670 645 749 1,
661 666 712 746 32,
730 669 770 732 78
794 668 826 731 in
850 667 900 730 his
923 667 1072 731 88188118
1088 666 1196 750 aliqua
1218 665 1417 729 obscuritas.

263 771 316 835 off.
342 773 371 852 1,
387 771 439 853 20,
456 770 496 835 67
520 771 552 832 18
577 773 685 832 coest
708 769 793 832 enim
816 767 905 832 illud.
928 771 1008 833 orat.
1032 767 1139 849 §.206
1161 789 1227 831 non
1251 766 1296 830 ad
1319 789 1419 830 unam

262 872 349 935 euim
377 892 443 935 rem
473 871 627 956 aliquam,
657 872 712 934 sed
736 870 775 934 ad
805 870 913 953 plures
935 868 1202 935 accommodatur.
1242 867 1361 952 parad.
1386 869 1418 949 3,

262 973 304 1037 23
326 993 405 1057 8888
428 973 476 1037 vis
498 977 548 1037 881
569 972 672 1054 enim,
700 992 782 1056 qnae
805 972 908 1056 magis
932 973 1039 1035 arceat
1060 975 1113 1039 811.
1143 969 1184 1034 ad
1208 972 1277 1037 Α11.
1306 970 1365 1053 13,
1388 970 1418 1052 9,

261 1076 282 1138 2
309 1076 336 1139 si
364 1075 438 1159 quid
467 1076 516 1138 est
544 1075 628 1138 enirn
658 1073 855 1138 offensionis.
895 1075 950 1155 15,
975 1074 1028 1152 13,
1052 1073 1072 1137 6
1101 1094 1165 1156 qua
1193 1070 1233 1136 de
1264 1092 1299 1134 re
1329 1072 1417 1135 enim

262 1177 370 1260 potius
392 1179 484 1260 pater
505 1175 595 1239 lilio?
621 1174 700 1239 niv.
724 1174 777 1255 27,
801 1176 832 1257 7,
858 1174 905 1243 12.
931 1212 965 1222 -
991 1173 1100 1239 Freier
1121 1173 1297 1238 verfahren
1319 1172 1418 1236 datin

263 1279 313 1342 die
335 1277 487 1342 Dichter:
509 1277 603 1341 Lacr.
621 1277 651 1358 3,
666 1277 730 1340 236
751 1297 824 1339 raro
847 1275 931 1360 quod
955 1275 1023 1339 eius
1039 1275 1125 1340 enim
1141 1278 1271 1339 constat
1285 1279 1418 1339 natura.

264 1379 357 1464 Virg.
383 1381 421 1443 A.
444 1380 480 1460 5,
505 1378 568 1443 850
591 1381 722 1442 Aenean
746 1377 873 1464 credam
896 1376 971 1460 qnid
1000 1377 1092 1454 enim,
1108 1376 1281 1441 fallacibus
1303 1376 1418 1441 888181

264 1481 309 1545 Es
331 1480 418 1544 steht
440 1501 538 1564 sogor

350 1585 381 1666 8)
405 1579 508 1648 8881
530 1580 598 1644 der
620 1580 776 1645 vierten
799 1579 929 1645 818118
951 1581 995 1644 im
1018 1578 1109 1645 Sata:
1132 1579 1173 1647 ib.
1197 1579 1227 1658 8,
1251 1581 1294 1644 84
1316 1601 1418 1663 quam

265 1685 337 1769 pius
354 1684 480 1748 Aeneas
502 1683 562 1747 tibi
584 1682 680 1765 enirn,
702 1682 774 1764 tibi,
798 1682 938 1746 maxima
959 1682 1056 1765 June,
1080 1684 1211 1746 mactat.
1244 1681 1285 1746 G.
1301 1681 1335 1762 2,
1353 1682 1419 1747 508

264 1786 350 1851 hunc
380 1785 510 1869 plausus
539 1784 682 1849 hiantem
712 1806 770 1868 per
797 1805 914 1849 cuneos
936 1784 1117 1870 geminatus
1144 1784 1231 1848 enim
1253 1821 1295 1831 -
1319 1784 1420 1848 corri-

264 1888 344 1971 puit.
375 1886 434 1952 Als
457 1885 599 1952 sechstes
615 1884 712 1950 'Wort
735 1887 768 1951 in
791 1886 895 1950 einem
911 1885 1104 1971 Fragmente
1126 1884 1182 1950 des
1205 1885 1342 1949 Plautus
1367 1885 1421 1949 bei

264 1988 366 2054 Varro
388 1988 409 2052 l.
433 1988 454 2051 l.
477 1987 506 2065 6,
531 1988 561 2051 3.
674 1997 681 2007 ⁰
962 1982 969 1993 ”

350 2091 384 2176 d)
402 2089 510 2154 Wenn
525 2088 575 2153 die
592 2088 705 2153 beiden
719 2088 1027 2172 11881111888888888
1037 2088 1102 2153 und
1115 2091 1200 2154 cuim
1215 2092 1422 2153 888888888-

264 2193 396 2272 treffen,
426 2191 513 2256 steht
540 2189 627 2254 enim
655 2190 836 2275 regelrecht
862 2213 903 2255 88
934 2190 1081 2255 dritten
1102 2189 1218 2256 Stella:
1246 2190 1363 2255 Lucr.
1387 2189 1422 2274 6,

267 2295 328 2358 115
349 2294 387 2356 fit
408 2315 438 2377 q.
461 2315 511 2373 88.
535 2292 704 2356 interdurn.
750 2291 861 2356 Oeftcr
884 2292 934 2356 181
958 2291 1111 2357 Livius:
1133 2292 1164 2375 2,
1189 2293 1229 2356 18
1252 2293 1285 2356 id
1308 2314 1342 2377 q.
1368 2314 1421 2358 eu.

264 2395 410 2460 traditur.
438 2395 469 2477 3,
492 2395 536 2459 50
556 2393 621 2458 11118
643 2416 673 2478 q.
697 2416 748 2457 en.
774 2393 856 2458 filias
879 2415 955 2460 esse.
985 2394 1037 2473 23,
1063 2394 1102 2457 12
1124 2393 1203 2457 mihi
1227 2416 1255 2477 q.
1281 2415 1335 2458 en.
1361 2399 1421 2461 811.

264 2496 323 2577 27,
346 2497 388 2560 22
416 2497 444 2559 81
467 2519 496 2581 q.
520 2518 569 2561 88.
594 2500 803 2579 prorogatum
832 2496 1000 2579 imperium
1029 2498 1088 2559 881.
1125 2496 1184 2573 30,
1211 2496 1339 2579 1818.
1366 2519 1421 2561 en.

264 2598 446 2682 proconsuli
469 2599 637 2681 imperium
661 2636 702 2647 κ-
725 2599 941 2682 prorogatum.
969 2597 1021 2679 33,
1036 2597 1079 2661 30
1095 2618 1149 2660 888
1164 2618 1194 2680 q.
1212 2619 1263 2661 88.
1288 2598 1424 2681 placere

264 2699 381 2764 liberas
405 2721 483 2767 8888.
506 2699 556 2777 36,
580 2700 620 2763 27
644 2720 681 2762 88
705 2721 734 2782 q.
759 2721 808 2763 en.
832 2698 1017 2762 mittendos.
1044 2699 1097 2780 45,
1114 2698 1156 2762 39
1178 2698 1227 2762 dis
1250 2721 1282 2782 q.
1306 2722 1361 2764 en.
1381 2739 1422 2749 —

265 2800 399 2864 debetur
426 2800 617 2883 triumphus.
661 2798 720 2864 818
749 2801 865 2864 vientes
888 2800 997 2864 Wort:
1025 2800 1080 2882 27,
1110 2801 1128 2863 7
1156 2800 1208 2864 118
1230 2823 1262 2884 q.
1286 2806 1340 2864 881
1369 2823 1422 2869 88.

265 2906 474 2985 prorogatum
505 2902 539 2965 in
563 2900 674 2967 Sicilia
701 2902 880 2985 imperium.
904 2940 946 2949 —
969 2901 1066 2965 Sonst
1093 2901 1209 2967 168181
1231 2902 1353 2987 881188;
1385 2904 1423 2968 18

265 3002 507 3067 abweichender
538 3002 687 3087 Stellung
717 3003 767 3067 bei
790 3003 871 3067 Gell.
898 3004 954 3085 10,
978 3004 995 3067 7
1019 3003 1149 3067 Histros
1177 3004 1265 3068 enirn
1288 3026 1425 3089 888888

265 3106 299 3168 18
321 3104 452 3189 Europa
475 3104 555 3169 fluit.

350 3205 408 3269 Β81
432 3206 497 3270 018.
512 3206 603 3270 1182
626 3206 730 3286 §.108
753 3205 847 3269 stand
871 3206 982 3269 frfiher
1003 3205 1290 3273 hundschriftlich:
1316 3210 1424 3274 animi

265 3308 350 3372 enirn
367 3329 491 3390 quoque
506 3306 641 3370 dolores.
664 3307 754 3372 Doch
770 3307 828 3370 bat
843 3305 976 3392 Madvig
991 3309 1052 3373 mit
1066 3308 1172 3374 Recht
1185 3309 1423 3394 geschrieben:

265 3433 316 3476 an.
340 3411 426 3474 enirn
449 3408 512 3472 dol.
536 3430 671 3492 quoque.

349 3513 379 3576 2.
418 3509 606 3575 Gebraucht
627 3509 706 3573 wird
728 3512 811 3574 cuim
834 3510 980 3575 ziemlich
1003 3510 1140 3592 uberall,
1162 3532 1212 3574 wo
1234 3512 1317 3575 auch
1340 3535 1424 3578 nam

264 3613 427 3698 gerunden
450 3611 538 3678 wird.
573 3610 618 3674 Es
640 3609 728 3674 steht
749 3610 817 3674 also
840 3611 1422 3681 888181818811188818881888

264 3735 328 3778 von
352 3711 552 3794 „ntrulich“.
586 3711 726 3775 0188181
749 3734 798 3776 arn
823 3713 1037 3777 deutlichsten
1060 3735 1098 3776 zu
1122 3713 1286 3777 erkenncn

350 3817 381 3894 a)
418 3835 512 3878 wenn
541 3814 592 3878 ein
621 3813 898 3897 voraufgehendes
926 3815 994 3892 illc,
1023 3815 1075 3879 bic
1101 3814 1178 3878 oder
1203 3816 1249 3880 cic
1277 3816 1337 3879 auf
1367 3817 1421 3882 die

265 3914 418 4001 folgende
434 3914 628 3998 Exposition
644 3913 805 3979 hinweist.
831 3915 872 3981 ci
883 3937 975 3981 cero
998 3916 1056 3980 181
1071 3916 1138 3980 8188
1154 3917 1239 3980 61188
1254 3917 1288 3981 18
1303 3920 1421 3983 881888

266 4015 488 4081 rhetorischen
512 4017 577 4081 und
601 4017 885 4103 philosophischen
908 4016 1087 4083 Schriften:
1110 4018 1150 4083 de
1164 4040 1210 4083 or.
1229 4021 1257 4099 1,
1273 4021 1314 4084 61
1337 4021 1423 4087 alud

266 4140 339 4183 vere
361 4118 424 4182 fuit
446 4118 599 4183 horribile
616 4160 653 4168 -
671 4118 801 4183 voluisti
817 4120 902 4191 enirn
921 4120 956 4183 iu
977 4140 1033 4183 suo
1049 4141 1167 4203 genere
1189 4143 1291 4185 unum
1307 4143 1420 4205 quem·

142 4265 152 4271 »
265 4242 326 4302 888
348 4225 493 4284 nostrum
515 4221 605 4306 quasi
628 4220 787 4304 quendam
810 4242 878 4285 8888
900 4220 1062 4289 Roscium.
1099 4222 1154 4286 fin.
1180 4225 1213 4303 l,
1238 4224 1272 4303 6,
1299 4224 1339 4288 18
1361 4225 1419 4289 sed

265 4321 326 4385 hoc
354 4344 523 4386 commune
554 4321 687 4404 vitium,
715 4324 791 4389 illae
811 4321 943 4405 Epicuri
971 4323 1121 4405 propriae
1144 4324 1273 4389 ruinae:
1307 4330 1419 4391 888881

266 4423 351 4487 8818
376 4427 432 4488 811.
469 4425 498 4506 3,
517 4423 565 4500 16,
582 4422 624 4486 14
645 4427 732 4487 recto
754 4423 856 4508 igitur
870 4425 945 4490 1888
966 4424 1052 4488 18818
1066 4425 1232 4490 distinctio
1248 4431 1299 4492 881
1320 4431 1416 4513 81888
