2926 5062
692 302 878 364 ,8-

297 452 339 517 So
361 453 448 516 steht
470 474 537 515 nun
558 457 588 519 et
607 472 673 517 uon
695 474 749 515 aur
771 450 940 516 Correctur
963 453 1049 516 eines
1072 453 1369 538 voraufgehenden

212 553 368 638 Begriffes
393 552 468 617 oder
480 553 683 631 Gedankens,
707 552 881 617 besonders
896 575 989 618 wenn
1006 554 1156 618 letzterer
1172 555 1221 618 als
1236 555 1371 620 falscbe

212 654 475 740 Voraussetzung
498 654 597 720 durch
618 658 657 738 si,
681 658 786 737 quusi,
810 661 974 736 tamquam
997 654 1186 740 eingeleitet
1208 658 1269 720 ist:
1295 657 1369 723 Cic.

212 757 276 824 inv.
299 756 330 838 2,
357 757 398 819 47
421 758 450 821 si
471 756 686 840 unusquisque
709 756 786 820 velit
807 758 904 821 verba
926 759 1070 840 spectare
1093 760 1126 820 et
1154 780 1224 823 non
1248 759 1289 823 ad
1313 781 1373 824 vo·

214 858 371 922 luntatem
394 859 476 940 eius,
508 858 561 941 qui
584 879 622 921 ea
644 859 740 922 verba
761 859 923 937 habuerit,
957 858 1117 923 accedere.
1161 859 1243 925 lam.
1270 863 1299 943 7,
1330 863 1373 925 12

211 961 295 1025 alte
317 958 491 1023 Tarentum
515 962 547 1023 et
568 982 635 1024 non
665 954 921 1025 Samarobrivam
954 961 1121 1025 misissem.
1156 984 1224 1046 rep.
1260 966 1271 1026 1
1284 1014 1293 1045 ,
1324 964 1373 1028 46

214 1063 305 1143 qaam
338 1062 563 1146 praecipientis
597 1062 762 1127 cuiusdam
794 1066 826 1126 et
859 1062 1003 1127 docentis
1036 1066 1070 1126 et
1096 1084 1162 1126 non
1195 1064 1372 1130 vobiscum
1433 1054 1436 1059 ⁸

213 1163 309 1226 simul
333 1163 575 1229 considerantis,
620 1163 703 1227 Phil.
736 1165 789 1247 10,
823 1165 845 1228 5
876 1169 1039 1246 tamquam
1074 1165 1303 1231 extruderetur
1335 1167 1373 1230 in

213 1263 433 1329 Macedoniam
466 1269 499 1329 et
533 1288 599 1330 non
633 1268 746 1330 contra
781 1266 1006 1349 prohiberetur
1039 1266 1209 1348 proficisci.
1271 1267 1373 1333 Ohne

214 1366 473 1450 voraufgehende
496 1366 803 1452 Bedingungsform:
847 1391 879 1451 p.
913 1367 1030 1432 Scauro
1059 1370 1088 1447 ξ.
1118 1369 1136 1431 7
1167 1391 1205 1433 ac
1233 1392 1277 1434 ne
1300 1372 1373 1434 cxi-

213 1468 324 1531 stimes
347 1505 387 1515 —-
410 1489 461 1532 me
484 1468 606 1554 fingere
628 1469 733 1552 ipsum
757 1474 789 1533 et
804 1491 869 1533 non
885 1492 904 1533 s
918 1490 972 1533 reo
997 1490 1126 1533 causam
1150 1492 1366 1555 cognoscere.

215 1570 269 1635 fin.
292 1572 322 1653 b,
345 1571 388 1635 30
410 1593 450 1634 an
474 1570 535 1635 hoc
565 1592 802 1655 usquequaque,
841 1571 935 1634 aliter
965 1571 999 1634 iu
1028 1571 1120 1634 vita?
1159 1576 1193 1636 et
1225 1595 1293 1637 nou
1330 1596 1372 1638 ex

213 1673 354 1737 maxima
376 1675 467 1756 parte
490 1673 529 1737 de
552 1676 619 1736 tota
640 1673 822 1737 iudicabis?
855 1671 989 1758 (Madv.)
1023 1671 1117 1736 Sall.
1151 1674 1221 1738 Oet.
1246 1676 1300 1757 52,
1330 1678 1372 1740 15

213 1777 308 1855 quusi
339 1796 410 1839 vero
443 1775 520 1838 mali
553 1779 648 1857 atque
679 1774 804 1838 scelesti
833 1774 1056 1838 tantummodo
1080 1774 1113 1838 in
1137 1776 1217 1839 urbe
1240 1779 1276 1839 et
1298 1799 1370 1841 non

212 1898 269 1959 per
291 1879 393 1940 totam
418 1876 543 1940 Italiam
575 1877 650 1939 sint.
683 1913 725 1923 -
761 1876 859 1940 Sonat
889 1876 977 1939 kann
1009 1874 1062 1939 ich
1093 1898 1154 1939 nur
1185 1877 1272 1941 noch
1308 1901 1370 1942 an·

214 1977 358 2053 febrem,
385 1977 486 2041 Gell.
510 1978 545 2058 6,
578 1980 613 2058 1,
636 1979 657 2042 5
681 1980 716 2041 ut
738 1977 855 2041 veritas
877 1977 920 2040 sit
941 1980 973 2040 et
994 1998 1059 2040 non
1082 1978 1125 2040 sit
1147 1979 1368 2045 mendacium.

213 2079 342 2162 Lampr.
380 2078 432 2142 Al.
465 2079 537 2142 ch.
567 2079 618 2143 53.
648 2079 734 2143 Lact.
762 2080 811 2142 ira
842 2078 900 2141 Dei
933 2078 1048 2162 17,‹8.
1072 2077 1201 2142 -Zur
1223 2079 1368 2145 Hervor-

213 2182 344 2265 hebung
366 2183 423 2244 der
445 2181 614 2246 Corrcctur
637 2180 720 2264 folgt
741 2179 842 2244 selten
860 2182 968 2262 potius
989 2182 1047 2244 auf
1066 2186 1095 2245 ct
1116 2202 1189 2260 corr,
1214 2182 1277 2246 wie
1296 2183 1366 2251 (lic.

219 2282 445 2364 deor.1,22.

303 2382 390 2449 Statt
411 2389 440 2449 et
461 2405 525 2449 noc
556 2384 646 2448 dicut
674 2383 793 2466 jedoch
827 2383 969 2468 h'dufiger
1001 2405 1039 2448 uc
1069 2406 1148 2463 aori,
1181 2407 1236 2448 um
1268 2388 1365 2451 einen

216 2486 375 2568 positiren
408 2485 531 2571 Begriff
560 2484 660 2550 durch
693 2485 787 2548 einen
821 2485 993 2568 negativen
1022 2507 1060 2549 zu
1089 2485 1253 2550 erloutern
1288 2489 1367 2553 oder

215 2588 286 2650 eine
309 2587 430 2652 falsche
453 2586 712 2670 Voraussetzung
741 2609 780 2652 zu
809 2587 1012 2671 widerlegcn.
1058 2587 1119 2652 Die
1149 2587 1247 2653 Form
1272 2597 1368 2674 atque

215 2710 279 2753 non
312 2688 413 2753 findet
443 2689 510 2753 sich
545 2689 579 2753 in
613 2688 716 2752 dieser
745 2687 939 2773 Bedeutung
966 2710 1028 2752 nur
1055 2690 1106 2754 bei
1135 2690 1207 2755 dem
1240 2693 1365 2757 {tlteren

216 2789 349 2853 Plinius.
408 2789 491 2854 Ter.
525 2790 642 2859 Heaut.
676 2790 711 2867 4,
743 2791 780 2873 4,
812 2790 832 2852 6
860 2789 1016 2873 decipiam
1050 2813 1088 2856 ac
1120 2814 1185 2856 non
1222 2797 1366 2860 veniam.

219 2891 300 2955 llun.
336 2896 368 2972 1,
401 2893 438 2974 2,
466 2892 673 2956 nusifidem
697 2890 815 2955 habeat
839 2929 875 2938 -
900 2913 1024 2956 acuon
1048 2892 1234 2958 idmetuat.
1282 2896 1364 2962 cie.

153 3011 157 3025 ¹
214 2993 300 3077 legg.
325 2995 352 3076 1,
375 2993 427 3075 20,
456 2995 498 3058 54
520 3015 709 3076 perparvam
739 3031 777 3039 -
807 3014 845 3057 ac
873 3015 939 3057 non
968 3015 1037 3056 eam
1067 3015 1157 3077 quae.
1203 2995 1302 3062 lbid.:
1336 3002 1367 3064 si

214 3116 249 3158 re
271 3116 307 3159 ac
329 3116 395 3158 non
418 3095 522 3159 verbis
546 3094 743 3159 dissiderent.
787 3094 869 3158 Sest.
890 3095 933 3159 43
956 3094 1050 3158 homo
1085 3098 1191 3160 castus
1226 3119 1265 3163 ac
1298 3124 1365 3166 non

218 3196 359 3279 cupidus,
404 3195 470 3258 Mil.
499 3197 541 3260 34
574 3195 752 3259 orationem
786 3195 932 3259 stabilem
966 3218 1002 3259 oc
1035 3217 1100 3260 non
1134 3203 1304 3265 mutatam.
1331 3227 1363 3288 p.

218 3297 311 3362 domo
334 3297 386 3379 50,
412 3297 471 3361 128
495 3297 533 3360 de
555 3296 674 3359 nostris
697 3296 827 3361 aedibus
851 3318 888 3359 ac
910 3319 976 3361 nou
999 3298 1037 3361 de
1059 3299 1198 3382 publicis
1222 3305 1365 3388 templis.

217 3398 336 3484 Sulpic.
361 3422 410 3481 ap.
436 3397 500 3463 Cic.
525 3398 601 3462 fam.
625 3397 655 3479 4,
684 3401 714 3478 5,
741 3400 789 3462 14.
812 3400 875 3482 leg.
899 3420 966 3482 egr.
990 3399 1019 3481 2,
1042 3400 1082 3464 37
1105 3404 1134 3465 si
1155 3400 1218 3466 hoc
1242 3403 1366 3470 dissua-

217 3501 290 3566 dere
313 3507 362 3566 est
384 3524 420 3566 ac
443 3522 510 3564 non
533 3499 713 3563 disturbare
742 3503 838 3582 atque
866 3502 1056 3583 pervertere.
1102 3501 1194 3567 Eheu
1218 3526 1254 3569 so
1280 3509 1364 3573 uach

215 3602 508 3687 voraufgehendem
534 3604 579 3666 si:
616 3605 698 3683 part
729 3621 774 3667 or.
798 3600 849 3681 39,
883 3602 951 3665 136.
995 3601 1085 3670 Verr.
1110 3603 1152 3667 ΙΙ.
1179 3609 1207 3686 l,
1231 3609 1286 3690 31,
1311 3610 1363 3674 80.

217 3706 244 3780 1,
267 3705 296 3785 4,
320 3704 350 3767 9.
394 3703 423 3779 3,
445 3703 496 3780 30,
521 3704 571 3767 72.
615 3703 667 3784 47,
694 3702 763 3765 113.
787 3724 819 3764 u.
844 3701 872 3764 d.
897 3703 926 3782 2,
949 3704 979 3783 6,
1006 3706 1053 3768 l'l.
1078 3706 1153 3774 lam.
1175 3708 1206 3789 3,
1229 3710 1260 3791 2,
1283 3711 1314 3774 2.
1331 3735 1363 3795 p.

216 3805 309 3869 domo
331 3806 374 3868 50
401 3804 428 3866 si
455 3804 511 3867 illa
540 3805 590 3867 lex
621 3807 670 3866 est
697 3824 734 3865 ac
764 3816 829 3866 nou
863 3824 923 3866 vox
951 3805 1078 3869 sceleris
1112 3811 1167 3871 ctt.
1199 3847 1237 3857 -
1268 3811 1362 3878 Nac'h

216 3909 318 3987 quasi,
343 3907 544 3987 quasivero:
566 3906 658 3970 Rosc.
685 3906 756 3969 Am.
779 3906 819 3969 33
843 3906 933 3989 quasi
956 3928 1042 3971 nunc
1065 3908 1096 3970 id
1119 3917 1237 3993 agatur
1261 3951 1300 3961 —
1326 3937 1364 3980 aa

216 4030 280 4072 uon
302 4007 363 4072 hoc
387 4011 566 4090 quaeratur.
597 4008 659 4089 leg.
683 4028 749 4090 agr,
773 4007 802 4088 2,
825 4006 877 4089 26,
902 4008 951 4072 70.
976 4008 1068 4072 Verr.
1092 4010 1134 4090 II,
1161 4014 1188 4093 1,
1216 4016 1254 4078 13
1270 4018 1364 4099 quasi

216 4110 343 4175 veroid
370 4109 545 4186 -fecerit
572 4129 610 4172 ac
642 4130 709 4171 non
741 4108 939 4190 apertissime
964 4147 1000 4158 -
1025 4111 1215 4194 compilarit.
1242 4153 1281 4163 -
1308 4121 1363 4183 An

216 4211 283 4275 drei
306 4210 426 4275 Stellen
450 4210 508 4273 hat
531 4209 642 4274 Cicero
659 4211 767 4290 potius
788 4208 1002 4294 hinzugefiigt
1029 4212 1093 4274 und
1117 4235 1202 4278 awsr
1224 4217 1258 4280 iu
1282 4221 1362 4284 zwei

218 4312 444 4396 Fragcshtzen:
484 4311 575 4375 Verr.
598 4310 630 4389 3,
654 4311 704 4395 70,
729 4309 796 4372 183.
842 4310 933 4374 Catil.
957 4312 988 4392 2,
1011 4313 1031 4374 0
1058 4312 1097 4374 12
1119 4315 1184 4378 und
1206 4319 1292 4383 nach
1316 4325 1360 4387 si:

216 4413 461 4497 Μο330
