2956 5054
556 297 790 359 -127-

96 455 226 515 terrena
255 450 429 514 delectant.
470 447 561 513 ¹Tua
586 450 665 533 Agr.
688 450 731 514 30
766 450 856 533 atqui
883 470 978 514 omne
1006 449 1156 532 ignotum
1189 470 1248 533 pro

96 552 272 637 magnifico
295 557 360 634 est3
391 552 445 615 sed
467 552 557 615 nulla
585 551 649 615 iam
672 550 756 615 ultra
777 573 857 636 gens
881 550 1071 632 (Rhenanus
1093 555 1172 616 atatt
1194 553 1249 617 des

99 652 415 718 handsehriftliehen
437 657 552 734 atque).
598 653 761 717 Gefindert
783 653 826 717 ist
843 654 934 736 jetat,
958 675 1023 717 was
1045 651 1141 717 Hand
1164 653 1248 718 noch

25 776 26 779 ’
98 757 203 834 eitirt,
227 754 295 820 Cic.
319 755 373 819 off.
397 755 428 833 3,
452 757 500 834 ll,
523 756 565 819 48
587 758 682 839 atque
704 755 769 820 ssle.

184 859 215 922 6.
259 856 325 921 Fur
351 858 442 939 atqui
462 857 496 920 in
519 856 575 920 der
596 858 830 940 Assumptio
859 857 914 922 des
936 857 1147 942 Syllogismus
1171 859 1246 921 wird

98 983 162 1024 nur
199 958 345 1024 Cicero
384 959 479 1023 eitirt.
524 957 568 1021 ns
605 959 677 1023 sind
714 959 791 1023 aber
827 959 904 1023 awai
940 959 1029 1023 Fiille
1066 982 1104 1023 00
1141 965 1248 1023 unter-

96 1062 267 1141 scheidep:

186 1167 219 1247 a)
249 1163 317 1228 Der
344 1162 556 1246 Syllogismus
583 1164 628 1226 ist
655 1163 915 1248 vollstindig
942 1165 1247 1248 durehgefiihrt:

97 1266 193 1330 Tusa.
216 1268 252 1334 3,
277 1267 294 1328 1
319 1267 374 1349 qni
402 1265 496 1327 fortis
525 1269 589 1346 est,
617 1265 700 1327 idem
730 1270 778 1329 est
806 1264 908 1327 fidens
930 1302 971 1311 —
993 1265 1048 1349 qui
1071 1270 1176 1328 autem
1199 1269 1249 1328 001

96 1369 215 1444 fidens,
254 1368 281 1430 is
310 1366 456 1449 profecto
484 1354 568 1429 non'
586 1366 766 1431 extimescit
797 1404 832 1414 -
862 1367 949 1450 atqui
978 1368 1011 1431 in
1042 1363 1135 1451 quem
1165 1368 1250 1431 eadit

98 1469 279 1554 aegritudo,
303 1470 337 1532 in
361 1466 496 1531 eundem
518 1468 625 1531 timor.
671 1468 765 1532 Dann
789 1469 872 1551 lolgt
894 1468 945 1532 ein
968 1470 1163 1554 wenigstens
1186 1471 1248 1533 for-

97 1572 213 1635 meller
235 1570 385 1636 Sohlnss:
408 1571 454 1634 ita
475 1570 513 1633 fit
535 1573 580 1633 ut.
624 1571 661 1651 5,
687 1571 741 1652 15,
763 1570 805 1634 43
827 1570 913 1634 hune
936 1571 1096 1635 dubitabis
1119 1572 1248 1636 beatum

99 1673 231 1738 dicere?
265 1673 367 1755 Atqui
389 1673 516 1755 sapiens
540 1693 665 1755 semper
688 1672 885 1737 110011001υο
908 1676 973 1753 001,
1002 1693 1126 1755 semper
1149 1673 1249 1756 igitur

100 1776 232 1859 sapiens
260 1775 374 1838 beatus
402 1778 459 1838 est.
503 1774 614 1856 parad.
645 1775 679 1850 3,
711 1776 743 1851 l,
772 1774 812 1837 21
842 1773 926 1857 quod
955 1774 982 1838 si
1013 1774 1145 1837 virtutes
1174 1779 1249 1837 sunt

99 1898 193 1961 pares
217 1878 303 1940 inter
326 1896 369 1957 se,
392 1875 483 1958 paria
506 1896 574 1938 esse
590 1875 686 1938 etiam
701 1875 782 1940 vitia
803 1896 933 1939 0000000
949 1879 1006 1939 001.
1040 1875 1141 1959 Atqui
1156 1896 1249 1959 pares

101 1999 173 2042 0000
200 1979 337 2042 01010100
360 1980 416 2044 ott.
460 1975 537 2039 Erst
559 1977 592 2039 10
616 1980 645 2058 ξ.
669 1976 710 2039 22
737 1976 822 2061 folgt
844 1977 899 2041 der
927 1975 1076 2041 Sohluss:
1105 1978 1249 2061 sequitur

100 2080 201 2162 igitur
229 2084 266 2142 01
294 2080 390 2142 etiam
419 2078 499 2141 vitia
528 2078 594 2141 sint
621 2078 722 2161 paria.
767 2077 840 2143 Und
869 2077 975 2161 gleieh
999 2078 1113 2142 darauf
1137 2080 1171 2143 10
1195 2079 1248 2143 ab·

101 2180 304 2244 weiebender
325 2178 438 2243 Form:
469 2181 558 2263 atqui
588 2182 738 2261 quoniam
766 2201 857 2263 pares
880 2181 1014 2244 virtutes
1043 2187 1134 2262 sunt,
1163 2186 1249 2245 reete

101 2283 188 2346 faeta
211 2319 250 2328 -—
275 2282 365 2365 paria
386 2302 454 2345 esse
476 2280 612 2364 debent,
636 2282 775 2366 itemque
797 2287 929 2364 peccata
956 2321 990 2328 --
1015 2282 1081 2345 sint
1103 2282 1249 2366 aequalia

102 2405 232 2447 necesse
254 2386 312 2447 001.
340 2405 371 2447 0.
388 2383 418 2447 d.
435 2383 466 2465 2,
483 2383 514 2463 6,
535 2383 582 2451 16.
605 2383 634 2465 2,
655 2385 704 2466 15,
722 2385 773 2446 41.
802 2382 841 2447 de
856 2405 922 2448 sen.
942 2385 991 2465 19,
1007 2384 1048 2447 66
1059 2384 1104 2468 fg.
1128 2385 1180 2463 22,
1197 2384 1247 2448 81.

187 2487 223 2568 b)
258 2484 323 2548 Der
345 2483 475 2548 Sehlnss
503 2484 557 2548 des
581 2482 792 2568 Syllogismus
822 2486 865 2548 ist
894 2484 956 2567 (als
984 2485 1248 2549 selbstverstiind-

101 2586 183 2671 lieh)
207 2585 319 2650 nicht
341 2584 604 2669 ausgefdhrt,
633 2586 683 2650 die
707 2587 893 2669 Assumptio
916 2588 993 2650 aber
1015 2607 1072 2650 aus
1094 2587 1165 2650 dem
1189 2585 1248 2650 Zu-

102 2688 354 2770 semmenbange
377 2709 415 2750 zu
439 2687 618 2752 erkenuen:
640 2711 671 2772 p.
689 2687 758 2751 Mil.
777 2688 827 2767 12,
843 2687 885 2752 32
907 2688 994 2770 atqui
1012 2687 1133 2753 Milone
1153 2689 1248 2752 inter-

101 2791 190 2854 fecto
206 2789 337 2854 Clodius
360 2789 436 2853 haee
459 2789 697 2874 assequebatur.
725 2789 805 2870 (Der
819 2787 948 2854 Sehluss
963 2794 1083 2853 mdsste
1106 2789 1248 2854 heissen:

104 2890 239 2975 lolglioh
261 2891 316 2973 lag
339 2889 405 2953 ihm
429 2890 492 2954 viel
515 2913 557 2955 an
580 2892 636 2954 der
657 2889 810 2975 detung
833 2889 888 2954 des
912 2886 979 2970 101).
1024 2890 1115 2955 Tusa.
1139 2892 1174 2965 5,
1199 2892 1248 2969 14,
1317 2955 1319 2962 ,

102 2995 147 3055 40
168 2991 257 3075 atqui
280 2992 342 3055 nisi
370 2992 477 3057 stabili
500 2996 532 3057 et
560 2993 622 3056 fixo
646 2997 677 3057 01
705 2996 916 3074 permanente
938 2993 1023 3056 bono
1048 2992 1158 3056 beatus
1181 3014 1250 3056 0000

103 3115 199 3157 nemo
228 3097 335 3175 potest
364 3093 524 3176 (Scblussz
552 3095 619 3157 also
649 3093 721 3156 sind
743 3094 794 3157 die
817 3093 1034 3178 Gldeksgtlter
1061 3094 1136 3159 kein
1160 3095 1248 3178 unt).

102 3196 160 3258 fin.
188 3198 221 3277 1,
247 3195 300 3273 18,
324 3195 366 3260 58
400 3195 488 3279 atqui
521 3195 742 3279 pugnantibus
775 3199 808 3258 et
844 3195 1012 3259 0001000110
1045 3195 1160 3259 studiis
1194 3200 1249 3259 011.

104 3294 298 3361 Schwerlieh
321 3297 409 3360 hatte
425 3296 538 3360 Cicero
562 3297 631 3360 hier
652 3296 753 3360 sehon
776 3296 838 3361 den
856 3296 986 3361 Sehluss
1009 3295 1052 3359 im
1069 3297 1171 3380 Auge,
1195 3296 1250 3359 der

103 3404 170 3462 erst
191 3421 243 3462 am
267 3398 358 3462 Euda
388 3420 449 3463 000
475 3400 504 3478 ἕ.
528 3399 570 3462 59
591 3398 690 3482 folgt:
720 3420 815 3462 nemo
842 3398 943 3483 igitur
971 3401 1021 3461 est
1048 3419 1113 3461 non
1143 3398 1248 3460 miser.
1318 3476 1326 3489 ·

103 3502 140 3581 2,
163 3501 200 3583 2,
222 3502 243 3564 5
271 3501 359 3585 atqui
381 3499 458 3564 haee
481 3499 657 3583 patefactio
679 3501 768 3582 quasi
794 3521 898 3564 rernm
927 3503 1110 3582 opertarnm
1134 3536 1174 3546 —
1198 3497 1250 3561 de·

105 3603 290 3666 1101110001.
335 3602 415 3687 (Der
444 3601 573 3666 Schluss
604 3605 700 3665 ware:
728 3623 805 3685 ergo
834 3601 1020 3665 definitione
1048 3622 1155 3665 carere
1184 3622 1251 3665 non
1278 3681 1284 3695 ι

107 3705 300 3787 possumus.)
329 3703 458 3767 (10000.
485 3704 532 3781 14,
555 3705 598 3767 50
619 3703 707 3786 atqui
731 3708 777 3785 (so
801 3703 883 3768 nach
907 3702 1039 3788 Halm)
1061 3725 1116 3767 eos
1139 3724 1250 3767 omnes

105 3804 219 3869 —his
248 3804 360 3870 studiis
389 3805 563 3888 flagrantes
590 3826 682 3869 senes
711 3804 858 3869 vidimus.
903 3804 1064 3889 (Folglieh
1087 3805 1145 3869 hat
1168 3805 1250 3868 auch

106 3906 161 3969 der
183 3907 276 3970 Grais
298 3906 387 3970 seine
409 3907 572 3990 geistigen
595 3905 763 3988 Geniisse.)
801 3905 937 3990 Seyffert
958 3906 1023 3969 will
1047 3906 1116 3970 hier
1134 3906 1250 3989 jedoeh

109 4014 199 4089 alque
221 4008 326 4090 1000ος
349 4006 495 4074 0801001.
512 4008 598 4072 lat.l
614 4006 646 4074 S.
666 4009 733 4072 194.
763 4008 802 4071 10
825 4009 954 4092 einigen
971 4008 1112 4072 anderen
1128 4005 1250 4072 Stellen

108 4109 180 4174 11001
200 4130 276 4173 man
293 4110 375 4193 jetat
397 4111 474 4174 aber
495 4116 590 4192 utque
615 4113 694 4173 statt
716 4110 772 4174 des
798 4108 952 4172 fruhe‘ren
975 4111 1080 4191 atqui,
1110 4132 1135 4172 0.
1160 4108 1196 4172 Β.
1221 4132 1250 4192 p.

108 4211 255 4289 100106,
282 4211 330 4275 15.
359 4212 389 4294 8,
415 4213 464 4277 18.

191 4316 221 4394 ἕ.
247 4313 319 4377 337.
359 4311 474 4379 Verum
503 4312 560 4377 hat
588 4312 816 4398 urspritnglieh
843 4311 937 4375 keine
965 4312 1163 4378 adversative
1191 4313 1251 4378 Be·

108 4412 256 4498 deutung,
279 4413 418 4478 eundern
442 4414 542 4478 heisst
565 4416 712 4500 „gewiss,
732 4415 802 4497 ja“.
840 4413 883 4478 So
906 4413 1013 4477 finden
1036 4414 1095 4478 wir
1117 4437 1150 4478 es
1173 4415 1253 4478 aber
