3024 5070
713 311 942 375 -682-

255 465 380 529 wellen.
426 464 502 530 Oic.
533 465 584 529 off.
608 466 643 549 2,
665 464 707 527 22
740 463 847 527 laudat
875 463 1063 527 Africanum
1092 462 1280 545 Panaetius,
1314 464 1402 548 quod

255 567 354 630 fuerit
376 565 548 632 abstinens.
589 568 626 630 17
650 565 823 630 Phalereus
846 563 1038 646 Demetrius,
1062 565 1115 648 qui
1138 564 1295 629 Periclem
1319 566 1402 632 vitu·

254 672 360 752 perat,
396 668 481 752 quod
514 670 636 732 tantam
671 666 839 751 pecuniam
871 666 906 729 in
938 664 1100 749 praeclara
1132 666 1187 730 illa
1224 668 1404 751 propylaea

257 769 440 838 coniecerit.
485 769 539 834 fin.
564 771 593 853 1,
618 770 657 833 16
684 770 792 852 itaque
820 790 862 833 ne
889 768 1045 832 iustitiam
1068 768 1194 851 quidem
1216 773 1303 834 recte
1326 771 1403 853 quis

254 870 372 935 dixerit
399 893 458 954 per
485 893 519 935 se
552 871 654 955 ipsam
687 870 877 954 optabilem,
910 870 965 934 sed
997 870 1073 953 quia
1105 869 1314 934 iucunditatis
1348 871 1402 935 vel

255 972 425 1056 plurimum
461 972 582 1037 afferat.
627 972 662 1050 2,
686 971 723 1053 8,
752 972 804 1036 24.
838 973 877 1035 de
910 994 979 1036 een.
1012 973 1066 1056 13,
1089 972 1130 1036 45
1162 972 1403 1036 accubitionem

255 1074 418 1158 epularem
441 1074 630 1157 amicorum,
660 1074 735 1158 quia
759 1073 841 1137 vitae
865 1071 1122 1138 coniunctionem
1147 1073 1293 1156 haberet,
1322 1094 1402 1138 con·

257 1175 374 1240 virium
399 1176 655 1241 nominaverunt.
680 1178 758 1239 orat.
781 1175 823 1241 39
845 1176 983 1259 quaein
1012 1176 1118 1259 amplo
1140 1179 1257 1241 ornatu
1282 1197 1402 1240 scenae

254 1277 458 1362 appellantur
481 1278 632 1362 insignia,
649 1299 713 1341 non
730 1277 812 1361 quod
829 1277 898 1341 sola
913 1279 1039 1356 ornent,
1056 1277 1111 1341 sed
1126 1278 1210 1361 quod
1227 1277 1400 1342 excellant.

255 1380 313 1442 Als
342 1378 489 1444 Glossem
518 1377 720 1463 verdtchtigt
744 1378 788 1442 ist
816 1380 872 1443 der
900 1378 1084 1444 Gausalsatz
1114 1379 1214 1443 ohne
1243 1379 1295 1443 ein
1319 1378 1400 1443 Ver·

255 1482 329 1544 bum
352 1480 478 1544 dicendi
502 1481 557 1543 des
579 1478 794 1564 Hauptsataes
818 1480 869 1544 bei
891 1480 959 1545 Cic.
982 1479 1075 1545 Tusc.
1097 1482 1129 1564 4,
1157 1482 1204 1559 19,
1227 1482 1271 1544 44
1298 1485 1402 1546 10011

252 1582 438 1647 ambulabat
453 1621 493 1630 -
510 1581 594 1665 quod
618 1603 766 1646 somnum
789 1603 903 1667 capere
925 1604 990 1646 non
1012 1585 1131 1668 posset.
1163 1582 1238 1666 Vgl.
1254 1582 1403 1648 daselbst

252 1684 369 1749 Baiter.
394 1723 431 1731 -
458 1683 563 1749 Caes.
593 1683 622 1747 b.
646 1704 678 1767 g.
702 1684 774 1765 5,3
807 1683 846 1748 de
879 1684 945 1748 suis
978 1683 1126 1767 privatim
1160 1683 1255 1748 rebus
1288 1686 1402 1766 petere

252 1790 436 1869 coeperunt,
453 1785 606 1870 quoniam
628 1784 752 1849 civitati
775 1785 940 1849 consulere
956 1807 1022 1849 non
1044 1789 1181 1868 possent
1206 1783 1300 1849 Sall.
1318 1785 1400 1871 Jug.

214 1871 218 1879 .
254 1890 282 1970 1,
309 1890 323 1950 1
351 1887 493 1971 queritur
516 1887 600 1971 quod
624 1890 762 1971 regatur.
793 1887 845 1965 25,
870 1890 918 1951 11.
942 1888 994 1970 56,
1016 1887 1044 1950 2.
1089 1884 1130 1951 So
1157 1887 1240 1951 auch
1262 1885 1402 1971 Nepos

255 1992 281 2066 1,
306 1990 335 2072 7,
358 1989 379 2052 5
401 1989 553 2072 quoniam
581 1989 649 2072 ipse
678 2010 736 2073 pro
764 2009 797 2051 se
827 1987 931 2052 dicere
959 2010 1025 2053 non
1053 1991 1176 2071 posset,
1201 1988 1297 2052 verba
1318 1989 1404 2055 fecit

251 2090 353 2154 frater
374 2090 453 2155 eius.
477 2091 506 2168 2,
526 2090 575 2172 10,
591 2092 619 2155 5.
635 2092 665 2172 5,
684 2092 712 2170 1,
728 2094 757 2154 4.
781 2091 832 2173 25,
847 2089 899 2167 22,
919 2091 950 2153 2.
982 2090 1074 2155 0110
1090 2089 1233 2154 Verbum
1255 2091 1402 2156 dicendi:

255 2192 304 2274 18,
320 2193 386 2273 9,6
408 2195 511 2256 mutet
532 2193 702 2256 consilium
725 2195 758 2256 et
779 2193 930 2276 quoniam
952 2191 1170 2276 imprudentes
1193 2191 1311 2255 adoriri
1332 2215 1400 2257 non

252 2295 369 2378 posset,
393 2292 495 2357 flectit
516 2293 577 2358 iter
599 2298 700 2358 suumt
747 2292 867 2358 Stellen
891 2295 968 2358 iiber
991 2294 1074 2375 quod
1100 2293 1150 2358 bei
1174 2292 1284 2377 Nepos
1307 2295 1404 2378 giebt

251 2393 360 2478 Lupus
383 2393 414 2458 S.
440 2394 499 2458 157
516 2395 561 2479 fg.

340 2496 399 2559 Ale
421 2495 555 2560 Verba
584 2497 649 2562 der
673 2495 847 2579 Affecte,
871 2496 974 2560 denen
1001 2498 1085 2579 quod
1104 2496 1164 2560 mit
1186 2495 1257 2559 dem
1282 2496 1401 2563 Modus

256 2599 312 2662 der
335 2597 511 2662 indirecten
528 2597 614 2662 [tede
636 2598 730 2682 folgt,
754 2599 826 2662 sind
849 2599 933 2662 oben
956 2597 1056 2662 sehon
1079 2599 1183 2677 laudo,
1205 2600 1402 2681 reprebendo

164 2728 166 2733 ·
254 2699 318 2763 und
341 2701 481 2781 vitupero
504 2722 560 2764 aus
583 2700 694 2765 Cicero
716 2699 900 2783 angeidhrt.
945 2698 1035 2764 Danu
1070 2700 1192 2764 kommt
1226 2699 1311 2764 noch
1339 2700 1402 2765 fol·

254 2801 387 2884 gendes:
419 2801 494 2867 010.
518 2824 550 2866 1.
575 2802 603 2867 d.
632 2806 663 2880 1,
685 2802 728 2865 26
755 2802 900 2866 mirabile
927 2801 1069 2880 videtur,
1101 2802 1183 2885 quod
1205 2823 1272 2866 101
1297 2803 1404 2868 rideat

257 2901 432 2986 haruspex,
457 2925 528 2968 cum
551 2902 752 2987 haruspicem
776 2903 905 2985 viderit,
934 2902 994 2967 hoc
1016 2903 1210 2986 mirabilius,
1234 2905 1320 2987 quod
1344 2926 1403 2969 vos

253 3004 339 3069 inter
373 3027 429 3069 vos
462 3006 561 3069 risum
595 3009 705 3069 tenere
732 3005 870 3088 possitis.
900 3004 961 3068 div.
995 3005 1031 3083 2,
1054 3005 1096 3068 24
1129 3004 1182 3088 qui
1214 3007 1335 3072 mirari
1364 3029 1401 3071 se

255 3106 377 3186 aiebat,
401 3107 486 3191 quod
509 3129 574 3171 non
597 3107 715 3171 rideret
737 3107 912 3191 haruspex,
934 3104 1136 3191 haruspicem
1158 3128 1231 3171 cum
1253 3107 1399 3173 vidisset.

255 3210 321 3272 Att.
350 3210 382 3291 6,
406 3209 435 3289 9,
464 3212 473 3272 1
507 3210 687 3275 admiratus
717 3231 785 3272 sum
816 3207 900 3292 quod
926 3206 1029 3273 nihilo
1059 3209 1163 3272 minus
1193 3208 1232 3272 ad
1261 3230 1314 3273 me
1343 3213 1403 3274 tua

253 3332 350 3374 manu
372 3310 560 3393 scripsisses.
609 3310 715 3393 16,16
738 3313 758 3390 ξ
779 3312 814 3374 17
838 3331 904 3373 101
928 3309 1040 3374 dubito
1063 3311 1140 3393 quin
1162 3311 1277 3374 mirere
1301 3315 1403 3395 atque

255 3412 352 3476 etiam
387 3411 602 3493 stomachere,
637 3434 665 3500 q.
699 3415 803 3476 tecum
837 3412 875 3476 de
912 3412 1021 3476 eedem
1057 3433 1091 3475 re
1126 3433 1222 3496 agam
1259 3413 1403 3497 saepius,

254 3513 334 3577 hiv.
358 3514 408 3586 38,
435 3514 484 3589 10,
511 3516 525 3577 l
551 3513 687 3578 mirante
710 3513 853 3594 consule,
877 3536 906 3597 q.
931 3518 1142 3578 morarentur.
1172 3513 1201 3591 2,
1216 3514 1268 3597 54,
1289 3515 1309 3579 8
1334 3516 1404 3580 und

255 3615 436 3700 regelrecht
464 3636 538 3679 vom
561 3618 674 3680 Aecus.
703 3636 730 3678 c.
754 3615 845 3678 infin.
869 3614 1051 3699 abh'dngig:
1078 3615 1130 3698 34,
1152 3615 1205 3695 57,
1231 3617 1270 3679 10
1295 3638 1326 3679 1.
1349 3618 1405 3699 36,

254 3719 306 3795 41,
330 3716 360 3779 2.
406 3715 508 3780 Ρ111.
532 3739 565 3784 n.
590 3718 619 3782 h.
646 3718 695 3798 17,
720 3716 761 3780 28
789 3738 892 3800 neque
915 3716 1100 3780 fluminibus
1128 3719 1263 3800 aggesta
1285 3718 1406 3804 (terra)

256 3839 381 3901 semper
404 3818 582 3897 laudabilis,
607 3820 733 3901 quoodo
757 3818 833 3900 („da
850 3818 921 3902 ja“)
938 3821 1106 3882 senescant
1125 3817 1284 3900 quaedam
1307 3842 1405 3904 aqua.

254 3918 338 3984 Tac.
372 3919 408 4004 2,
430 3922 472 3985 37
506 3923 624 3986 mirum
656 3920 720 3984 fuit
752 3918 833 4004 quod
868 3940 978 4003 preces
1011 3919 1177 4003 superbius
1212 3921 1407 4004 accepisset.

253 4020 357 4087 Suet.
388 4020 499 4088 Claud.
523 4023 564 4087 38
587 4022 805 4103 Ostiensibus,
834 4021 909 4105 quia
937 4021 998 4085 sibi
1021 4019 1156 4104 scaphas
1180 4020 1311 4086 obviam
1336 4046 1408 4090 non

252 4124 414 4207 miserint,
448 4124 591 4208 graviter
625 4123 787 4207 correptis.
833 4122 954 4187 Stellen
986 4145 1043 4187 aus
1077 4121 1208 4207 Nepos
1244 4125 1308 4188 mit
1343 4126 1411 4193 den

254 4223 371 4289 Verbis
393 4226 506 4308 laudo,
529 4226 733 4307 reprehendo,
756 4226 871 4306 obicio,
895 4244 1022 4308 occaso,
1045 4229 1322 4307 cacodaemone
1345 4254 1410 4316 apo

256 4348 285 4390 u.
308 4326 405 4392 habeo
427 4326 518 4410 giebt
539 4325 648 4409 Lupus
671 4327 701 4391 S.
728 4327 796 4393 158.

341 4429 407 4491 llus
437 4427 570 4490 Livius
598 4430 682 4491 wire
710 4426 891 4512 Folgendes
918 4450 956 4492 zu
986 4428 1175 4510 erwthneu,
1211 4433 1321 4498 werin
1357 4439 1413 4504 ein
