2956 5054
563 309 791 374 -165-

91 468 148 528 est
180 465 266 529 enim
296 464 347 527 oui
376 485 441 526 non
468 463 638 545 perspicua
660 463 726 526 sint
752 463 818 527 illa.
859 461 1043 544 (Variante:
1064 464 1151 545 enim
1174 469 1248 547 est.)

92 588 163 649 rep.
192 567 228 649 1,
250 566 272 628 2
299 586 380 648 quae
403 567 453 627 est
480 563 564 627 enim
592 565 726 628 istorum
754 565 857 628 oratio
880 569 948 629 turn
971 566 1145 648 exquisita,
1168 588 1249 650 quae

92 669 140 731 sit
162 667 389 751 anteponenda
404 667 487 730 bene
503 666 695 731 constitutae
711 667 857 731 civitati?
878 665 918 729 de
933 687 977 731 or.
993 667 1014 730 2
1035 670 1066 749 5.
1082 667 1155 733 363.
1166 690 1248 753 quae

93 774 148 833 est
170 770 255 832 enim
279 768 343 832 alia
365 790 471 850 eausa,
494 767 556 831 nisi
579 769 662 851 quod
685 772 742 832 ott.
779 767 811 833 N
814 767 874 832 ooh
896 768 1043 852 hdufiger
1070 770 1153 834 naeh
1175 770 1247 835 dem

95 871 258 935 Neutrum
281 869 336 933 des
352 869 567 934 Pronomens:
590 869 629 932 de
644 891 690 934 61.
710 872 725 933 1
749 872 780 950 ξ.
796 869 856 933 199
879 868 955 952 quid
978 873 1027 934 est
1050 872 1135 935 enim
1157 892 1247 955 prae-

96 973 216 1037 clarius
232 992 327 1055 quarn
351 974 405 1036 611.
440 992 470 1033 11.
488 970 517 1034 d.
534 973 560 1051 1,
578 973 593 1033 1
617 970 691 1054 quid
714 975 764 1035 est
786 971 871 1035 enim
894 972 1075 1035 temeritate
1098 973 1247 1057 turpius?

94 1073 208 1158 parad.
232 1074 269 1153 ἵ),
293 1072 344 1139 34.
377 1072 454 1135 fam.
477 1071 507 1153 5,
534 1072 582 1154 13,
604 1072 636 1136 3.
670 1072 711 1135 nd
733 1071 793 1148 Qu.
817 1072 857 1134 fr.
887 1075 913 1152 1,
941 1075 953 1134 1
979 1076 1009 1153 ξ,
1034 1074 1064 1137 7.
1101 1076 1169 1141 Att.
1195 1075 1245 1158 13,

93 1176 149 1259 21,
171 1176 201 1239 4.
250 1174 336 1237 Aber
359 1174 440 1237 eben
463 1193 498 1236 6ο
521 1172 753 1257 gebriauohlieh
775 1174 819 1237 ist
841 1173 876 1237 in
899 1173 1007 1238 diesen
1031 1173 1246 1258 Fragesiatzen

95 1277 180 1341 auch
201 1277 287 1341 enim
309 1276 357 1339 616
379 1275 544 1339 61161166
566 1274 679 1358 11611,
707 1275 919 1360 nothwendig
945 1274 1122 1358 vielleieht,
1152 1298 1246 1342 wenn

95 1380 168 1443 eine
197 1376 438 1441 Definition
468 1376 615 1460 verlangt
643 1376 735 1454 wird,
766 1377 823 1440 wie
853 1376 1139 1461 016.(111.2,41
1170 1378 1244 1462 quid

95 1480 181 1544 enim
205 1500 276 1543 sors
299 1478 371 1543 est?
405 1501 436 1562 p.
461 1477 556 1544 ano.
580 1478 621 1542 26
645 1477 718 1561 quid
749 1479 835 1542 enim
859 1482 907 1542 est
928 1479 978 1542 ius
1002 1478 1119 1543 civile?
1154 1478 1244 1555 Quod

93 1602 198 1665 neque
222 1579 344 1644 inflecti
368 1580 475 1662 gratia
503 1601 607 1663 neque
629 1580 786 1664 perfringi
814 1581 959 1663 potentia
987 1580 1112 1664 possit?
1159 1582 1246 1645 Aber

93 1683 277 1746 ausserdem
310 1680 411 1746 findet
443 1681 512 1745 sich
546 1680 632 1744 diese
655 1679 804 1765 Stellung
838 1682 930 1745 nicht
959 1682 1077 1761 selten,
1106 1682 1166 1746 wie
1194 1683 1244 1748 die

94 1786 412 1868 entgegengesetzte,
435 1783 469 1845 in
486 1780 612 1867 Fragen
635 1803 699 1846 von
718 1782 901 1866 negatirem
925 1782 1002 1847 oder
1024 1784 1245 1848 zweifelndem

94 1885 222 1949 lnhult:
246 1884 449 1966 11611425
471 1884 542 1967 quis
564 1884 650 1948 enim
673 1886 722 1948 est
744 1885 798 1968 qui
820 1883 942 1948 dehac
964 1884 1094 1948 officina
1116 1923 1153 1932 -
1178 1907 1244 1950 non

94 1987 261 2052 audierit?
290 1986 397 2050 deor.
424 1987 451 2064 1,
474 1986 504 2066 8,
529 1986 580 2049 81.
609 1983 695 2070 legg.
722 1989 748 2068 1,
770 1986 800 2066 4,
827 1987 874 2049 14.
908 1989 933 2068 l,
960 1986 1008 2067 12,
1031 1987 1084 2051 34.
1106 1989 1136 2070 3,
1162 1990 1189 2072 1,
1214 1991 1242 2054 l.

94 2090 184 2154 acad.
207 2087 238 2170 2,
262 2090 291 2172 7,
313 2088 364 2151 22.
400 2086 666 2170 (1661.1,2,1,
700 2088 753 2151 off.
779 2087 880 2170 1,43,
904 2087 974 2152 154.
1006 2087 1083 2152 fam.
1106 2090 1135 2168 4,
1159 2090 1188 2168 2,
1211 2091 1242 2154 2.

95 2191 206 2257 Caes.
231 2190 262 2253 b.
288 2211 313 2253 c.
337 2188 374 2271 2,
397 2188 440 2252 32
468 2187 545 2270 quid
569 2189 654 2252 enim
678 2193 727 2253 est
753 2188 817 2254 illis
840 2189 980 2272 optatius
1003 2211 1098 2273 quam
1119 2228 1160 2240 —-
1184 2213 1243 2256 nos

95 2290 336 2358 circumvenire.
384 2289 456 2354 Und
479 2289 552 2352 dass
575 2289 713 2354 dieselbe
736 2289 885 2375 Stellung
913 2312 1024 2376 wegen
1050 2293 1138 2356 einer
1161 2291 1242 2357 Hin-

95 2395 242 2478 weisung
257 2393 316 2456 auf
328 2393 385 2457 das
400 2389 675 2475 Vorhergehende
690 2390 802 2476 (Hand
821 2390 853 2456 S.
865 2393 943 2476 403)
960 2393 1106 2457 wirklioh
1128 2394 1242 2457 noth-

96 2496 253 2580 wendig
275 2494 332 2575 sei,
355 2493 486 2556 1111111611
509 2493 568 2555 1111
589 2492 777 2557 schwerlich
800 2493 1001 2579 behaupten:
1025 2495 1101 2560 Cio.
1117 2517 1185 2578 rep.
1210 2497 1241 2578 2,

95 2597 194 2663 25111
215 2598 301 2660 enim
324 2599 373 2659 est
395 2598 491 2677 eaput
512 2593 613 2658 civilis
636 2594 833 2677 prudentiae.
873 2598 906 2677 1,
930 2597 970 2660 27
1000 2616 1039 2660 eu
1067 2596 1153 2660 enim
1182 2602 1241 2680 est,

93 2704 130 2762 ut
158 2698 224 2761 dixi
256 2701 366 2778 611166,
398 2695 535 2779 publica.
579 2694 799 2780 Nothwendig
830 2697 957 2761 soheint
984 2698 1030 2761 sie
1058 2698 1135 2763 aber
1156 2699 1238 2764 116611

93 2820 192 2883 neque
220 2799 286 2863 und
312 2799 346 2862 in
374 2797 596 2861 indirecter
618 2795 739 2880 Frage:
768 2798 807 2862 de
829 2819 875 2863 or.
902 2801 934 2880 1,
957 2798 999 2862 50
1028 2800 1240 2883 nequeenim

94 2905 143 2966 est
164 2901 382 2966 interdictum.
414 2898 503 2965 Brut.
519 2898 561 2961 24
583 2919 643 2962 1166
659 2899 744 2962 enim
761 2903 810 2963 est
832 2900 950 2964 eadem.
980 2900 1137 2966 Indireet:
1160 2925 1192 2966 n.
1209 2902 1240 2966 d.

93 3005 133 3087 3,
159 3007 211 3082 10,
235 3004 279 3067 26
301 3001 377 3086 quid
405 3001 490 3064 enim
521 3001 564 3064 sit
590 3000 766 3064 melius-
790 3022 856 3065 non
884 3001 1105 3087 distinguitur.
1149 3003 1240 3068 Eben

94 3125 130 3168 so
154 3105 238 3170 116611
269 3103 341 3168 dem
363 3101 537 3166 Relativ:
567 3101 660 3166 Tuse.
684 3104 720 3185 5,
746 3102 786 3167 16
808 3104 890 3186 quod
919 3105 1004 3168 enim
1033 3110 1083 3168 est
1110 3104 1240 3186 bonum,

93 3206 126 3271 id
148 3229 213 3271 non
237 3205 342 3290 quivis
362 3204 481 3268 habere
502 3208 619 3286 potest.

178 3307 327 3373 Seitener
349 3305 411 3370 und
437 3327 521 3390 ganz
544 3305 737 3370 willkr‘irlioh
758 3307 811 3371 bei
833 3307 903 3371 dem
928 3306 1036 3370 Plural
1057 3312 1148 3372 sunt:
1171 3308 1238 3372 oie.

95 3411 132 3475 de
147 3433 191 3474 or.
211 3414 227 3474 1
252 3413 283 3491 ξ.
302 3409 363 3472 192
384 3408 494 3471 omnia
516 3413 593 3472 sunt
607 3408 691 3472 enim
710 3409 815 3491 posita
838 3412 913 3473 ante
936 3409 1058 3490 ooulos;
1083 3409 1148 3471 und
1171 3407 1239 3472 drei

94 3511 202 3577 Zeilen
225 3515 349 3595 spaterz
373 3509 482 3574 eadem
498 3511 584 3575 enim
601 3506 776 3573 sunt'elata
789 3510 928 3593 primurn
946 3531 965 3573 a
986 3509 1142 3592 pluribus.
1170 3531 1239 3592 rep.

93 3615 129 3693 2,
154 3614 208 3692 15,
233 3602 275 3677 28
298 3616 432 3676 66611111
460 3612 546 3676 enim
574 3613 700 3676 demum
728 3632 794 3675 non
822 3611 954 3675 ferenda
976 3650 1015 3660 -
1040 3631 1131 3694 quae.
1174 3609 1239 3675 Da-

94 3736 197 3800 gegen
227 3713 359 3778 wieder:
389 3715 442 3778 off.
468 3717 500 3798 1,
525 3716 563 3778 17
593 3713 694 3777 multa
721 3714 807 3777 enim
836 3717 912 3777 sunt
940 3712 1060 3777 civibus
1091 3713 1177 3777 inter
1205 3736 1239 3778 se

94 3817 286 3883 eommunia.
333 3814 425 3879 Auoh
447 3815 499 3880 die
520 3815 671 3899 wenigen
693 3815 830 3894 Stellen,
853 3815 904 3880 die
926 3813 1021 3878 Hand
1043 3814 1101 3878 auf
1121 3814 1152 3880 S.
1176 3816 1239 3880 403

92 3919 175 3984 116611
197 3919 259 3983 mit
284 3923 374 4001 sunt,
401 3938 472 3983 sum
493 3918 557 3981 und
581 3923 651 3982 erat
671 3917 850 4001 beibringt‚
878 3917 1031 3981 darunter
1053 3916 1158 4002 einige
1181 3939 1239 3981 aus

93 4022 163 4086 dem
180 4021 345 4086 silbernen
357 4019 482 4102 Latein,
494 4019 611 4084 11111161]
632 4041 695 4083 nur
705 4041 744 4082 zu
759 4019 830 4082 dem
844 4017 1024 4082 Resultate:
1043 4041 1108 4084 non
1126 4018 1237 4103 liquet.

175 4121 440 4187 Naohklassisoh:
465 4121 501 4185 B.
518 4122 588 4186 nfr.
603 4122 646 4186 45
667 4125 779 4185 6611116
802 4121 891 4184 ouius
907 4120 991 4184 enirn
1014 4121 1130 4203 copias.
1159 4119 1238 4186 Liv.

91 4226 141 4309 22,
164 4226 207 4289 40
230 4245 296 4288 non
318 4224 421 4288 solum
446 4224 541 4287 enim.
579 4224 621 4287 60
643 4244 707 4287 nou
734 4221 842 4286 modo·
858 4221 953 4289 enim.
992 4221 1049 4304 21,
1072 4221 1112 4285 27
1135 4222 1239 4286 maior

93 4328 154 4392 ianr
178 4327 275 4391 enirn.
304 4324 389 4390 Val.
414 4325 507 4388 Max.
530 4327 561 4410 5,
583 4326 614 4406 6,
637 4326 744 4389 811611
768 4323 941 4407 ignorabat
963 4323 1058 4391 enirn.
1087 4323 1191 4389 Just.
1207 4324 1237 4407 2,

93 4428 113 4492 9
132 4431 314 4514 pugnatum
339 4432 388 4492 est
409 4426 505 4492 enim.
