2956 5054
567 308 777 372 ...83-

89 464 253 548 sponsion
281 484 344 526 nur
373 462 452 527 zwei
481 460 573 526 nicht
600 459 742 545 gebildet
769 458 857 542 sind,
888 457 1031 522 n‘amlich
1063 461 1156 538 atquc
1188 455 1248 519 mit

90 564 285 648 folgendem
309 569 339 629 et
359 563 437 627 oder
459 584 525 645 que.

188 671 219 748 ς.
241 666 317 730 323.
354 664 418 730 Die
439 665 631 750 negative
654 661 906 746 Corresponsion
930 661 1007 726 wird
1030 661 1130 727 durch
1151 683 1249 744 neque

97 768 168 831 und
198 789 254 832 acc
281 765 506 850 ansgedrsmkt.
552 765 629 829 Die·
642 763 740 829 Wahl
772 764 806 827 in
835 763 890 827 der
917 762 1011 827 Form
1044 764 1148 828 dieser
1174 763 1247 827 Par·

97 867 204 933 tikeln
227 869 272 932 iat
293 890 378 953 ganz
400 865 604 949 willkiirlich,
625 865 691 930 uud
712 864 763 929 die
786 864 986 930 zahlreichen
1003 864 1248 949 Bemerkungen

101 970 250 1035 fritherer
284 969 475 1053 Philologen
508 967 587 1031 iiber
620 967 779 1052 etwanige
813 964 1046 1031 Unterschiede
1082 966 1246 1030 derselben

101 1072 221 1136 ffihren
254 1094 292 1135 zu
322 1069 448 1135 keinem
476 1068 631 1134 Reanltat.
676 1067 810 1132 Livius
840 1067 901 1132 soll
926 1067 1011 1132 nach
1040 1067 1161 1132 Fabri’s
1193 1066 1249 1131 Be·

102 1172 292 1258 obachtung
325 1171 377 1236 die
410 1172 503 1237 Form
536 1192 635 1253 neque
658 1209 697 1216 -
724 1191 780 1235 nec
811 1170 1032 1254 bevorzugen3
1065 1169 1142 1234 aber
1177 1168 1250 1232 dass

104 1274 246 1341 Cicero
280 1274 373 1338 beide
400 1273 530 1338 Wdrter
562 1271 643 1337 auch
680 1293 741 1335 nur
772 1272 844 1335 dem
878 1277 1029 1337 tusseren
1063 1270 1250 1336 Gebrauche

103 1377 189 1442 nach
212 1375 445 1455 unterscheide,
469 1375 514 1439 ist
534 1372 625 1437 nicht
646 1373 821 1458 glaublich,
846 1373 917 1437 weil
941 1394 975 1438 er
997 1374 1080 1437 nach
1099 1372 1250 1438 Belieben

103 1479 166 1543 alle
191 1478 257 1543 vier
279 1476 501 1559 Variationen,
524 1475 575 1538 die
597 1474 739 1558 m‘dglich
762 1475 844 1559 sind,
866 1475 1045 1540 anwendet.
1074 1473 1252 1559 Schwierig

103 1579 184 1643 wird
201 1578 252 1645 die
266 1577 512 1661 Entscheidung
527 1576 624 1640 durch
641 1577 696 1639 das
712 1574 913 1641 Schwenken
929 1577 984 1641 der
998 1575 1249 1641 Handachriften

104 1680 172 1744 und
194 1681 246 1745 die
269 1679 410 1743 Willkor
432 1679 488 1743 der
509 1676 743 1761 Herausgeber,
768 1682 863 1742 unter
884 1678 988 1742 denen
1011 1701 1037 1741 z.
1056 1676 1093 1743 Β.
1117 1677 1251 1741 Lambin

105 1781 265 1846 durchaus
292 1781 417 1866 gleiche
446 1779 540 1844 Form
563 1778 671 1843 beider
693 1779 859 1843 Partikeln
890 1780 1056 1864 verlangte
1078 1780 1142 1843 und
1167 1780 1251 1843 denu-

103 1889 235 1970 gemiass
264 1883 326 1947 den
355 1881 437 1946 Text
464 1880 607 1946 anderte.
654 1880 697 1944 Es
725 1881 833 1945 finden
861 1880 930 1946 sich
964 1882 1032 1946 also
1061 1881 1113 1946 bei
1141 1879 1251 1947 Cicero

104 1987 172 2050 und
195 1985 337 2050 anderen
360 1981 633 2049 Schriststellern:

196 2093 224 2152 l.
269 2085 379 2168 Neque
400 2122 442 2134 -
464 2106 579 2167 aeque:
606 2105 672 2167 rep.
699 2087 731 2168 1,
753 2084 809 2168 22,
832 2085 873 2150 36
900 2085 956 2151 sed
978 2105 1081 2170 neque
1104 2083 1154 2148 his
1176 2105 1252 2148 con·

104 2195 216 2256 tentus
240 2211 312 2253 snm
336 2226 373 2235 —
398 2208 500 2271 neque
522 2208 560 2250 ea
582 2206 663 2268 quaa
685 2190 739 2251 ctt.
762 2185 843 2251 Ibid.
859 2208 966 2270 nequa
986 2191 1021 2250 ut
1042 2187 1175 2250 omnino
1199 2207 1252 2250 ex·

104 2296 231 2378 pertem
254 2290 447 2355 Graecarum
469 2308 573 2351 rerum
595 2308 699 2370 neque
721 2291 757 2351 ut
779 2328 817 2336 -—
842 2293 1099 2372 anteponentem.
1146 2291 1178 2368 1,
1201 2288 1252 2370 35,

102 2398 149 2460 55
171 2415 275 2478 neque
298 2412 331 2455 se
354 2391 411 2456 uni
434 2412 536 2475 neque
557 2389 669 2473 paucis
691 2390 772 2454 velle
794 2412 914 2474 parere.
957 2389 1033 2455 Drei
1056 2389 1137 2455 Mal:
1160 2391 1252 2458 Verr.

103 2497 229 2580 2,49,
254 2494 325 2559 120.
370 2491 914 2577 FanfMalzadfam.5,17‚2.
952 2494 1063 2576 parad.
1091 2498 1115 2572 1,
1139 2494 1170 2558 6.
1214 2494 1253 2559 In

104 2599 204 2663 zwei
232 2596 386 2661 Paaren
415 2594 609 2679 gegliedert:
636 2593 725 2660 Verr.
747 2594 784 2678 4,
806 2595 864 2677 52,
888 2593 948 2658 116
977 2616 1080 2679 neque
1102 2595 1175 2660 odio
1199 2596 1253 2659 ho·

105 2700 175 2765 stili
207 2719 310 2782 neque
340 2697 471 2763 licentia
502 2700 647 2781 militari,
680 2720 782 2784 neque
816 2720 904 2762 more
935 2697 1012 2762 belli
1048 2720 1150 2783 neque
1186 2678 1254 2766 iure

105 2801 272 2867 victoriae.
310 2797 404 2864 Sall.
427 2798 522 2865 Catil.
544 2802 600 2879 31,
623 2803 653 2865 2.
697 2801 737 2866 In
765 2800 848 2865 drei
875 2799 1015 2864 Paaren:
1047 2799 1125 2867 Oic.
1149 2802 1200 2867 off.
1227 2804 1254 2882 1,

105 2905 144 2982 2,
167 2905 189 2967 4
215 2924 320 2987 neque
347 2901 483 2985 publicis
512 2924 615 2987 neque
637 2903 784 2987 privatis,
814 2923 917 2987 neque
944 2902 1129 2968 forensibus
1152 2925 1255 2987 neque

108 3005 294 3070 domesticis
316 3005 349 3067 iu
372 3003 482 3086 rebus,
506 3026 608 3089 neque
630 3005 657 3068 si
680 3007 787 3069 tecum
810 3025 887 3088 agas
909 3003 984 3088 quid
1007 3025 1110 3089 neque
1133 3006 1160 3069 si
1184 3027 1255 3069 cum

109 3110 213 3173 altero
241 3105 421 3171 contrahas.
452 3105 527 3190 vgl.
551 3110 582 3188 §-
606 3106 678 3171 321.
710 3147 746 3156 -
776 3105 865 3170 Fflnf
889 3104 956 3169 Mal
986 3105 1171 3171 wiederholt
1198 3109 1258 3172 mit

109 3208 401 3274 abschliesscndem
428 3229 509 3272 aod:
537 3207 622 3272 Tac.
647 3208 720 3273 dial.
750 3209 791 3273 38
824 3228 928 3292 neque
957 3206 1122 3275 Ciceronis
1152 3232 1256 3295 neque

111 3311 260 3377 Caesaris
283 3331 386 3393 neque
409 3309 626 3394 Bruti-neque
649 3309 748 3376 Caelii
770 3332 875 3394 neque
897 3311 1001 3394 Calvi,
1030 3333 1097 3376 non
1120 3312 1256 3395 denique

111 3413 208 3477 ullius
230 3411 340 3497 magni
362 3412 496 3476 oratoris
519 3411 609 3477 liber.

197 3515 227 3579 2.
273 3512 401 3578 Nec-
424 3534 480 3579 nec
506 3512 606 3579 findet
633 3513 701 3579 sich
730 3514 781 3578 bei
804 3514 916 3580 Cicero
944 3537 1006 3579 nur
1031 3516 1066 3580 in
1093 3515 1257 3581 einfacher

117 3617 328 3700 Gliederung:
357 3636 424 3699 rep.
450 3616 483 3694 1,
505 3616 542 3699 6,
567 3619 605 3680 ll
633 3617 718 3701 quod
746 3636 806 3681 nec
834 3617 1006 3683 didicerint
1027 3639 1087 3684 nec
1115 3641 1257 3705 nuquam

114 3720 195 3784 scire
217 3717 408 3783 curaverint.
438 3718 467 3798 3,
493 3719 607 3797 11,18.
636 3719 675 3783 de
697 3741 764 3784 sen.
787 3720 817 3803 3,
840 3720 869 3785 8.
899 3723 964 3784 Att
991 3721 1039 3802 10,
1066 3723 1114 3804 13,
1137 3723 1166 3789 2.
1196 3722 1257 3787 Zu-

114 3825 179 3886 erst
206 3820 373 3904 doppeltes
400 3839 512 3901 aeque,
541 3819 629 3884 dann
651 3820 818 3906 doppeltes
845 3842 917 3887 nec:
939 3821 1021 3889 Phil.
1044 3824 1079 3906 2,
1103 3825 1138 3908 8,
1162 3824 1205 3888 20
1225 3828 1257 3889 te

115 3945 219 4007 neque
247 3922 321 3986 illos
347 3942 451 4005 neque
473 3920 555 3985 ullas
578 3923 709 3988 omnino
739 3922 863 3987 litteras
885 3944 992 4003 nosse,
1022 3947 1073 3990 mc
1095 3947 1154 3991 nec
1176 3927 1256 4011 reip.

114 4046 175 4090 nec
206 4023 317 4088 amicis
353 4045 495 4108 unquam
526 4025 674 4091 defuisse.
718 4024 754 4089 In
791 4025 1018 4109 umgekehrter
1047 4026 1258 4113 Reihenfolge

116 4128 168 4190 bci
191 4125 315 4190 Plant.
337 4126 453 4194 Pseud.
480 4127 615 4212 ltllfg.
649 4126 802 4191 Dreifach
824 4128 885 4190 mit
906 4127 1124 4194 wechselnder
1145 4128 1258 4195 Form:

104 4227 184 4311 Cic.
200 4227 307 4312 parad.
324 4232 353 4310 ξ.
371 4229 421 4297 51.
456 4228 514 4293 Bai
537 4229 677 4293 anderen
692 4226 944 4293 Schriftstellern
959 4229 1068 4295 finden
1087 4231 1155 4296 sich
1175 4232 1259 4297 auch

120 4329 451 4414 Doppelglieder:
475 4331 704 4411 Liv.8,1,10
725 4332 781 4416 qui
802 4351 862 4394 nec
884 4334 921 4395 ut
941 4329 1102 4398 Samnites
1123 4333 1157 4397 in
1180 4355 1259 4417 pace

121 4432 292 4497 amicitiam
315 4453 375 4496 nec
401 4437 438 4497 ut
460 4432 615 4516 Campani
637 4434 792 4500 auxilium
823 4435 857 4498 in
887 4435 970 4499 bello
999 4435 1171 4519 petissent,
1201 4457 1259 4500 nec

1018 4537 1055 4591 6*
