2932 5056
552 323 696 420 7203
744 361 784 370 -

85 479 146 543 sed
174 465 262 561 quo).
311 474 405 539 Verr.
435 477 471 560 3,
500 475 557 557 28,
585 476 626 539 60
655 475 808 539 ridebant
835 478 1053 560 Agyrinenses
1086 516 1119 524 -
1151 478 1242 542 illum

85 581 185 645 facile
206 579 426 663 probaturum.
458 576 674 642 Condemuari
695 598 767 641 curn
790 577 882 642 istius
904 565 1026 642 invidia
1048 578 1242 663 infamiaque

85 682 256 747 malebant
268 678 452 763 („dennoch
467 679 596 742 wollteu
612 679 658 743 sie
671 679 741 743 sich
752 679 853 743 lieber
865 679 1079 744 verurtheilen
1092 681 1242 763 lassen“).

88 808 122 869 p.
148 783 275 849 Clueut.
299 780 330 864 6,
355 782 392 845 17
416 801 483 844 non
505 801 608 845 essem
630 781 670 844 ad
693 780 791 844 ullam
814 802 941 845 causam
964 781 1108 865 idoneus,
1131 782 1158 846 si
1182 783 1242 847 hoc

92 925 133 934 -
158 906 223 948 non
245 882 396 948 viderem.
442 880 549 946 Facile
572 882 719 968 intelligo
743 887 797 948 ctt.
823 883 867 965 (d.
892 882 923 947 h.
947 883 1014 964 „im
1038 882 1240 969 Gegeutheil,

86 986 144 1052 ich
167 986 242 1050 sebe
265 984 369 1070 ein“).
415 983 489 1048 fam.
515 983 549 1067 9,
573 984 624 1066 26,
647 986 668 1048 4
690 1007 756 1050 uon
779 984 871 1049 multi
893 984 956 1049 cibi
979 983 1140 1069 hospitem
1162 986 1241 1050 acci·

86 1091 169 1174 pies,
193 1088 287 1151 multi
309 1075 380 1150 ioci.
425 1085 516 1150 Ganz
544 1085 748 1171 gewbhnlich
778 1088 821 1152 ist
847 1108 911 1152 non
940 1086 1024 1151 ohne
1046 1086 1243 1151 adversative

86 1189 250 1266 Partikel,
275 1188 423 1253 ebeudas¹
462 1191 482 1269 ᾖ
504 1188 525 1250 2
547 1186 663 1269 habeo,
686 1211 750 1253 non
773 1188 901 1269 habeor,
930 1214 950 1255 a
973 1187 1084 1254 Laide.
1141 1187 1184 1254 So
1206 1188 1242 1253 iu

86 1293 177 1357 allen
198 1291 320 1356 Zeiten.

177 1392 283 1459 Caes.
314 1393 344 1457 b.
367 1415 399 1478 g.
429 1395 462 1471 1,
493 1393 531 1457 18
562 1392 708 1456 celeriter
736 1395 905 1486 concilium
934 1396 1083 1478 dimittit,
1114 1395 1240 1458 Liscum

86 1498 220 1560 retinet.
267 1497 295 1574 7,
324 1495 459 1559 50111111
486 1534 522 1542 -
546 1494 655 1559 hostes
679 1495 749 1560 loco
771 1502 804 1560 et
827 1519 974 1581 numero,
998 1499 1099 1564 nostri
1123 1497 1240 1560 virtute

84 1597 296 1664 confiderent.
346 1598 386 1661 76
415 1618 487 1662 cum
516 1619 553 1660 ex
581 1597 698 1682 oppido
729 1599 896 1682 eruptione
926 1605 1140 1686 pugnaretur,
1163 1597 1242 1661 foris

84 1700 172 1784 (scil.
196 1700 316 1781 autem)
339 1702 449 1763 tantae
471 1700 580 1784 copiae
608 1738 643 1747 -
666 1706 879 1766 cernerentur.

148 1801 270 1866 ‘Sall
294 1801 371 1885 Jug.
395 1802 446 1879 31,
469 1802 518 1866 25.

177 1903 257 1968 Liv.
293 1906 326 1980 l,
352 1904 406 1984 17,
440 1906 453 1966 1
484 1905 621 1969 necdum
649 1928 669 1969 a
696 1905 831 1989 singulis
854 1945 895 1954 -
918 1927 975 1990 per
1003 1907 1067 1971 vim
1097 1911 1153 1970 aut
1174 1908 1240 1971 fac·

87 2006 230 2070 tionibus
253 2005 435 2070 certabatur
457 2007 490 2088 (i.
513 2029 539 2070 e.
563 2007 618 2071 sed
640 2029 698 2091 per
721 2007 807 2090 rim).
855 2011 881 2087 l,
905 2009 962 2091 25,
985 2010 1005 2072 3
1029 2029 1087 2072 uec
1110 2007 1160 2071 his
1183 2029 1242 2072 nec

89 2108 155 2171 illis
182 2107 359 2191 periculum
389 2129 498 2191 suum,
528 2109 692 2192 publicum
727 2109 896 2193 imperium
928 2110 1156 2194 servitiumque
1186 2111 1241 2174 ob·

91 2214 237 2274 uersatur
259 2209 374 2272 animo.
420 2211 448 2293 3,
475 2210 530 2293 10,
559 2213 596 2275 12
619 2211 737 2275 bellum
760 2212 901 2275 innoxiis
924 2212 1110 2277 Antiatibus
1132 2212 1241 2296 indici,

93 2312 162 2397 geri
191 2333 262 2376 cum
293 2311 386 2395 plebe
413 2311 568 2376 Romana.
619 2314 654 2391 3,
678 2314 734 2395 71,
762 2314 783 2377 6
811 2335 877 2377 non
904 2315 1067 2396 iuvenem,
1091 2315 1243 2378 vicesima

92 2416 156 2478 iam
178 2413 340 2497 stipendia
361 2420 546 2479 merentem.
593 2413 645 2496 22,
669 2415 720 2497 51,
742 2415 764 2478 4
786 2415 913 2480 vincere
935 2416 1008 2493 acis,
1032 2415 1084 2500 Η.,
1108 2416 1242 2480 victoria

95 2516 144 2579 uti
172 2515 285 2580 nescis.
336 2517 528 2580 Ausserdem
558 2516 646 2580 citirt
674 2515 893 2601 thelsbach:
923 2517 960 2598 2,
990 2518 1032 2583 65
1060 2517 1170 2582 consul
1201 2557 1242 2565 -

93 2617 180 2682 sistit
207 2617 319 2681 aciem.
371 2617 464 2681 Miles
491 2640 586 2704 aegre
613 2619 731 2702 teueri3
765 2619 902 2683 clamare
936 2622 969 2683 et
994 2642 1125 2704 poscere
1155 2622 1166 2701 (
1174 2620 1241 2702 „im

94 2718 302 2804 Gegentheil,
336 2741 370 2783 er
402 2720 542 2784 forderte
576 2721 689 2805 laut“).
734 2722 769 2803 3,
804 2723 843 2784 12
874 2723 1112 2786 senescentibus
1143 2722 1240 2803 vitiis,

93 2825 326 2886 maturescente
354 2822 483 2886 virtute.
528 2822 564 2900 4,
589 2822 631 2885 25
652 2843 791 2906 purgare
814 2823 956 2907 plebem,
979 2824 1105 2908 culpam
1129 2823 1162 2887 111
1185 2845 1242 2906 pa·

94 2928 157 2988 tres
180 2928 332 2988 avertere.

177 3025 260 3091 Sehr
286 3026 406 3090 beliebt
432 3027 483 3091 bei
507 3025 684 3091 Tacitus:
729 3027 807 3112 Agr.
831 3029 871 3094 37
901 3050 966 3091 nou
994 3028 1178 3113 agminibus
1202 3066 1243 3075 —

94 3129 157 3191 rari
185 3131 241 3192 ctt.
266 3126 297 3192 b.
323 3131 358 3210 1,
380 3128 400 3192 8
423 3129 472 3192 vir
498 3129 656 3192 facundus
685 3131 718 3192 et
745 3130 832 3212 pacis
861 3129 1001 3213 artibus,
1033 3130 1128 3194 bellis
1156 3129 1243 3193 inex·

94 3233 213 3312 pertus.
258 3230 300 3294 29
328 3230 499 3314 nunquia
525 3252 597 3295 meo
625 3231 756 3295 nomine
782 3231 956 3296 tristiorem
986 3254 1094 3295 casum
1117 3230 1242 3295 doleam

94 3332 260 3416 —patris
289 3336 322 3395 et
349 3336 488 3396 senatus'
507 3335 540 3395 et
566 3331 666 3415 ipsius
690 3332 815 3416 imperii
840 3333 940 3396 vicem
964 3331 1065 3409 doleo.
1110 3333 1152 3396 30
1174 3354 1243 3416 per-

95 3432 168 3496 dere
200 3433 261 3496 iste
288 3433 384 3514 sciet,
415 3433 534 3496 donare
561 3433 691 3498 nesciet.
739 3434 843 3517 (Nach
868 3433 950 3498 biv.
973 3435 1024 3512 22,
1048 3434 1099 3516 51,
1121 3434 1172 3516 4),
1196 3456 1243 3518 cp.

95 3535 142 3600 83.
165 3536 197 3617 2,
219 3535 249 3598 3.
276 3536 323 3601 12.
349 3536 398 3599 16.
425 3536 477 3598 74.
501 3535 552 3600 76.
575 3537 606 3619 3,
627 3536 657 3602 3.
680 3537 710 3619 4,
732 3536 784 3599 41.
807 3536 859 3601 58.
882 3558 956 3601 ann.
985 3539 1009 3613 1,
1033 3537 1061 3603 6,
1085 3536 1115 3619 5,
1138 3536 1168 3599 3.
1194 3536 1243 3616 11,
1317 3554 1321 3560 ·

96 3637 146 3703 23.
172 3637 222 3717 16,
245 3636 295 3701 26.

180 3740 294 3821 5361.
350 3738 431 3802 Vom
460 3740 734 3823 explicativen
756 3739 946 3823 Asyndeton
976 3739 1085 3803 finden
1112 3739 1179 3804 sich
1208 3741 1244 3804 in

95 3845 150 3908 der
178 3843 266 3908 alten
296 3840 367 3906 Zeit
396 3842 589 3927 wenigsteus
618 3841 759 3926 Spuren:
800 3841 880 3906 0111
910 3862 935 3904 1.
961 3863 985 3903 1.
1011 3843 1027 3904 1
1056 3842 1153 3906 vicini
1181 3863 1243 3926 quo

94 3949 188 4031 pacto
217 3945 357 4021 niteant,
386 3944 418 4007 id
446 3945 588 4009 animum
621 3944 797 4009 advertito:
832 3944 866 4007 in
895 3944 980 4008 bona
1009 3943 1140 4028 regione
1162 3945 1244 4008 berre

95 4050 197 4112 nitere
221 4046 391 4129 oportebit.
427 4046 553 4111 Plaut.
576 4046 641 4111 mil.
666 4046 882 4111 2051111111
904 4046 1002 4110 micat
1024 4044 1244 4109 vehementer:

94 4150 177 4234 quod
200 4152 294 4233 agat,
322 4169 418 4233 aegre
446 4149 598 4232 suppetit.
650 4148 711 4212 207
740 4169 848 4212 eccere
876 4152 984 4212 autem
1006 4147 1111 4231 capite
1133 4149 1243 4211 nutat:

96 4274 160 4315 non
184 4251 291 4335 placet
312 4250 396 4334 quod
419 4251 570 4335 repperit.

180 4352 259 4417 011.
282 4374 313 4435 p.
330 4351 457 4428 Quinct.
484 4354 512 4435 1,
540 4355 553 4415 1
578 4374 703 4416 summa
724 4351 829 4436 gratia
851 4356 884 4416 et
904 4352 1094 4437 eloquentia,
1109 4372 1245 4435 quarum

99 4455 234 4520 alteram
256 4474 378 4535 vereor,
401 4453 533 4518 alteram
556 4458 681 4518 metuo:
705 4453 889 4536 eloquentia
904 4453 941 4530 Q.
958 4453 1111 4518 Hortensi
1133 4473 1174 4516 ne
1194 4474 1246 4515 me
