2932 5056
578 342 613 351 -
660 304 722 368 233
767 341 806 352 -

112 460 219 521 strum
242 457 397 540 quoniam
420 455 573 520 habemus
596 457 763 521 humiliare
787 479 858 521 eum
881 455 915 519 in
938 455 1041 540 signo.
1088 455 1261 539 Cyprian

110 559 208 642 epist.
234 559 273 622 16
296 559 436 623 seientes
457 559 610 642 quoniam
638 562 711 623 uter
745 581 782 623 ea
816 557 1034 623 admonitione
1061 558 1172 643 (statt:
1210 578 1261 621 me

111 682 246 725 usurum
269 662 368 744 esse).
414 662 579 744 August.
617 661 676 728 eiv.
711 660 750 725 D.
773 662 808 739 3,
832 662 852 726 5
874 660 937 725 hue
964 661 1081 726 6666111
1102 659 1261 744 qnoniam.

200 766 222 843 ξ
253 763 328 828 381.
384 762 473 843 Quod
510 761 696 827 bezeichnet
734 761 818 827 naeh
856 768 985 846 praeter
1021 783 1133 845 qemm,
1165 783 1260 844 proe-

110 871 179 945 ter,
212 885 307 947 serpe
340 885 452 947 quam,
485 866 530 929 ad
562 865 610 942 id,
639 884 733 946 super
752 865 803 947 id,
831 870 952 947 excepto
980 866 1050 929 eine
1073 863 1262 936 Thatsaehe‚

113 989 154 1029 zu
191 950 248 1030 der
285 965 359 1029 eine
395 966 512 1030 andere
552 965 596 1029 im
632 965 810 1050 Hauptsatz
853 965 1041 1030 enthaltene
1083 965 1262 1047 hinzutritt,

112 1068 194 1132 oder
222 1068 280 1131 der
302 1066 412 1132 Inhalt
439 1067 495 1131 des
517 1066 734 1133 Nebensatzes
758 1068 858 1133 bildet
886 1068 957 1133 eine
982 1066 1166 1133 Ausnahme
1189 1087 1262 1132 vom

112 1169 307 1254 Hauptsetz.

203 1276 231 1336 1.
277 1271 413 1338 Praeter
434 1293 531 1354 quom
553 1275 637 1355 quod
656 1271 743 1337 steht
758 1276 864 1338 zuerst
878 1273 929 1337 bei
952 1272 1051 1338 0616
1074 1272 1122 1336 ed.
1137 1271 1259 1337 Jordan

113 1379 146 1460 8,
173 1377 222 1448 11.
267 1375 352 1439 Ter.
376 1373 491 1439 Heaut.
515 1374 544 1454 2,
567 1374 597 1452 4,
624 1375 663 1438 19
685 1396 795 1439 omnes
818 1373 897 1440 mihi
918 1375 1045 1440 labores
1060 1374 1157 1457 foere,
1181 1395 1261 1458 quos

115 1478 201 1561 oepi,
236 1477 337 1559 leves,
367 1479 495 1560 praeter
521 1498 617 1560 quam
646 1478 694 1540 tui
716 1476 889 1541 carendum
911 1476 994 1560 quod
1019 1478 1088 1541 erat
1109 1476 1262 1562 („eusser

114 1579 237 1665 dass“).
283 1577 372 1642 Aber
400 1576 491 1642 nieht
513 1578 612 1644 Andr.
636 1578 667 1660 4,
694 1579 730 1656 4,
761 1578 816 1661 14,
851 1600 900 1643 wo
937 1580 1021 1661 quod
1050 1579 1145 1642 keine
1177 1577 1261 1643 Con-

111 1681 280 1765 junetion,
314 1679 452 1743 sondern
480 1681 663 1745 Pronomen
694 1680 745 1744 ist.
791 1679 868 1746 Cic.
899 1702 928 1764 p.
953 1680 1048 1745 domo
1070 1680 1113 1744 20
1135 1683 1262 1764 praeter

115 1805 212 1868 quarn
234 1781 318 1866 quod
341 1803 382 1845 ne
405 1782 436 1846 id
459 1782 587 1866 quidem
617 1804 675 1866 per
704 1782 808 1868 legem
837 1782 994 1847 Liciniam
1019 1821 1056 1829 —
1079 1782 1184 1847 faeere
1207 1803 1261 1865 po-

115 1885 217 1949 tuisti.
262 1882 374 1948 Oefter
396 1884 430 1947 in
453 1884 514 1948 den
537 1883 822 1969 philosophisohen
851 1883 1014 1950 Schriften
1043 1884 1108 1948 und
1136 1883 1171 1947 in
1200 1885 1261 1947 den

116 1986 264 2050 Briefen:
301 1985 341 2050 de
369 1984 497 2068 11112,
527 1987 566 2049 12
592 1990 627 2050 at
648 1986 690 2063 id,
714 2009 746 2071 p.
769 2007 799 2070 q,
823 2008 853 2070 q.
898 1986 969 2050 fiori
992 2009 1059 2051 non
1081 1987 1198 2071 potuit,
1220 2007 1261 2049 ne

114 2089 193 2174 fingi
217 2087 345 2172 quidem
368 2091 483 2171 potest.
528 2088 605 2152 fam.
632 2088 791 2172 10,1,3.
829 2087 1261 2172 611011.11.2,14,11116

115 2214 148 2276 p.
172 2213 203 2274 q.
226 2213 257 2274 q.
281 2190 351 2253 sine
373 2194 415 2268 te,
438 2193 579 2257 ceterum
601 2191 681 2255 satis
704 2190 869 2256 commode
885 2190 1094 2255 oblectabam.
1131 2192 1261 2254 Ausser·

114 2293 188 2356 dem
211 2291 272 2356 mit
294 2291 561 2374 pleonastisohem
578 2298 762 2376 praeterea:
798 2293 855 2357 fin.
878 2295 916 2373 5,
946 2293 988 2357 22
1016 2292 1095 2357 haee
1117 2291 1264 2374 honesta,

114 2417 198 2479 qnae
220 2394 303 2476 dieo,
326 2396 571 2478 praeterquam
594 2395 677 2479 quod
700 2399 826 2459 nosmet
848 2396 934 2479 ipsos
956 2395 1145 2479 diligamus,
1169 2414 1259 2477 prae-

115 2503 206 2560 terea
227 2498 341 2579 suapte
362 2500 477 2560 natura
498 2518 557 2580 per
577 2519 611 2561 se
633 2518 702 2562 esse
725 2496 913 2580 expetenda.
949 2495 1041 2560 Eben
1064 2518 1100 2561 so
1123 2495 1161 2559 de
1177 2495 1262 2580 legg.

116 2600 148 2675 3,
175 2597 528 2680 19,451111116(1Α11.
553 2599 584 2680 9,
610 2600 658 2681 15,
680 2600 709 2663 5.
742 2635 784 2646 —-
813 2598 961 2663 Matius
994 2620 1045 2682 ap.
1083 2597 1150 2663 oio.
1182 2597 1260 2662 fam.

121 2703 171 2782 ll,
193 2700 247 2782 28,
270 2701 292 2764 5
314 2703 440 2783 praeter
461 2723 492 2784 q.
517 2723 548 2785 q.
573 2700 712 2765 hominis
735 2739 775 2748 -
799 2701 891 2765 doleo
920 2721 1050 2785 gravem
1074 2722 1193 2766 casnm.
1220 2739 1260 2748 -

17 2829 20 2833 ·
119 2801 210 2866 Aueh
233 2802 284 2866 1161
307 2800 442 2866 Livius
465 2804 534 2866 ond
557 2802 725 2887 Sptteren.
770 2802 850 2868 Sehr
880 2804 983 2868 selten
1011 2802 1094 2868 fehlt
1122 2805 1206 2886 quod
1226 2802 1261 2867 in

116 2903 221 2968 dieser
242 2902 472 2989 Verbindung,
507 2906 566 2969 wie
595 2904 699 2970 Plaut.
728 2905 826 2970 Mero.
856 2906 912 2989 953
951 2905 1028 2970 aber
1063 2905 1179 2970 anders
1217 2905 1260 2969 ist

116 3005 201 3070 Plin.
229 3028 261 3070 n.
291 3005 322 3070 11.
350 3006 401 3086 20,
433 3007 508 3090 109,
538 3030 587 3072 wo
611 3008 695 3091 jetzt
721 3007 852 3093 gelesen
882 3008 975 3073 wird:
1008 3012 1136 3093 praeter
1164 3028 1260 3091 qnam

118 3109 224 3173 vesica
247 3108 438 3174 exuloereta.

99 3270 104 3275 .
202 3211 232 3275 2.
278 3210 380 3274 Dafi'ir
394 3212 479 3280 steht
495 3213 722 3295 praeterquod
736 3212 863 3277 111111161
881 3213 1046 3297 Spiteren,
1072 3212 1130 3275 wie
1147 3212 1260 3295 Apul.

120 3312 464 3396 11161.4,21111111111.
493 3336 525 3397 q.
556 3313 689 3378 diurnae
720 3313 837 3398 quietis
869 3314 1028 3398 imagines
1060 3313 1160 3377 falsae
1192 3334 1261 3397 per·

120 3411 281 3496 hibentur,
304 3417 372 3478 tum
388 3416 484 3479 etiam
499 3419 675 3480 nocturnae
692 3418 749 3480 611.
787 3415 891 3480 Leet.
903 3418 933 3497 3,
949 3416 979 3498 8,
998 3416 1046 3480 13.
1070 3414 1148 3498 opif.
1168 3414 1216 3498 19,
1231 3415 1261 3479 6.

120 3514 205 3579 Aber
226 3515 408 3581 Relativum
430 3518 474 3580 ist
494 3518 578 3599 quod
600 3517 650 3581 1161
673 3516 759 3582 1161.
782 3517 811 3594 2,
836 3518 866 3600 6,
889 3517 940 3581 24.

202 3619 233 3681 3.
277 3617 380 3701 Super
401 3640 498 3702 quom
519 3621 603 3702 quod
623 3641 685 3682 nur
707 3619 785 3687 Liv.
808 3619 862 3702 22,
884 3620 914 3698 3,
941 3617 1196 3700 1411111121,20,
1214 3618 1263 3681 10.

201 3719 231 3782 4.
278 3720 334 3784 Ad
354 3722 388 3785 id
408 3722 506 3802 quod:
539 3720 776 3804 1111,3,1,8.
808 3722 839 3805 3,
862 3722 914 3804 62,
940 3723 966 3784 1.
1001 3721 1051 3799 26,
1075 3719 1127 3799 45,
1151 3721 1179 3785 8.
1210 3722 1260 3801 32,

120 3820 170 3900 40,
194 3822 223 3885 2.
261 3822 313 3905 44,
336 3822 386 3901 31,
413 3823 460 3888 12.

201 3924 231 3988 5.
276 3924 379 4008 Super
406 3926 442 3990 111
466 3928 550 4008 quod
581 3925 670 3990 nullo
702 3928 830 3991 auctore
859 3928 946 3990 certo
978 3925 1146 3990 firmantur
1173 3925 1260 3995 Tae.

117 4046 190 4091 ann.
212 4027 245 4107 4,
272 4027 320 4090 11.
366 4025 465 4091 Sonst
487 4027 650 4112 nirgends.

201 4129 230 4192 6.
275 4127 413 4212 Excepto
436 4132 534 4212 qaod:
556 4129 644 4194 Hor.
669 4151 717 4213 ep.
738 4132 764 4213 l,
785 4132 830 4207 10,
853 4130 904 4194 50.
933 4128 1261 4209 naissitanae.

200 4234 222 4311 8
249 4231 324 4295 382.
368 4230 445 4295 Nisi
483 4233 566 4313 quod
598 4253 681 4310 „nur
715 4232 809 4296 dass“
843 4229 1029 4295 bezeichnet
1061 4232 1132 4295 eine
1165 4231 1262 4296 Thet·

120 4332 214 4397 saehe
238 4333 286 4396 als
311 4331 382 4396 eine
405 4333 639 4397 Ausnahme.
684 4332 729 4397 Es
752 4333 854 4397 findet
875 4331 943 4396 sioh
965 4337 1071 4397 zuerst
1095 4333 1143 4397 1161
1159 4332 1262 4398 Plant.

119 4440 202 4519 capt.
226 4434 300 4498 394.
324 4433 395 4498 621.
434 4434 531 4499 Persa
552 4435 624 4513 511,
648 4434 735 4498 dann
759 4434 807 4498 bei
831 4433 987 4513 Cicero,
1018 4434 1096 4498 aber
1117 4432 1208 4498 nieht
1227 4437 1262 4500 in
