2932 5056
712 297 940 361 „208„

250 452 284 514 iu
307 447 484 533 folgenden
506 446 753 530 Frageformeu,
784 449 835 511 die
865 447 937 511 dem
966 448 1141 509 modernen
1165 443 1402 530 Sprachgeffihl

249 573 333 635 ganz
365 548 558 632 fremdartig
593 552 800 613 vorkommeu
837 550 903 613 und
940 548 1003 611 seit
1035 545 1149 611 Cicero
1186 545 1302 631 hsufig
1340 549 1404 611 auf-

249 656 370 716 treten:
406 650 499 717 Rosa.
535 649 624 715 Com.
654 653 688 735 7,
720 653 758 716 21
796 651 977 731 considera,
1010 651 1083 731 qais
1113 669 1204 730 quem
1239 648 1404 712 fraudasse

249 754 384 818 dicatur.
429 756 510 816 orat.
544 753 586 816 58
619 774 696 834 quos
727 758 835 817 autem
861 772 1011 816 numeros
1044 771 1117 815 cum
1147 751 1328 831 91411113-
1352 751 1404 814 mi·

249 856 330 919 sceri
359 858 514 938 oporteat.
562 853 651 919 Brut.
673 857 713 918 41
744 855 906 938 regulam,
936 875 1000 938 qua
1022 874 1095 915 vera
1117 858 1151 915 et
1171 851 1256 914 falsa
1288 851 1405 916 iudica·

248 961 361 1022 rentur
383 960 415 1020 et
437 979 517 1038 quac
539 958 654 1039 quihus
675 957 789 1041 positis
813 960 919 1020 essent
941 976 1086 1038 quaeque
1108 975 1174 1016 non
1198 958 1310 1017 essent
1333 974 1404 1017 con·

250 1060 427 1143 sequentia.
473 1058 693 1145 (Niigelsbach
716 1059 890 1122 fibersetzt:
920 1056 1007 1139 „und
1029 1053 1149 1120 welche
1172 1054 1405 1139 Folgerungen

249 1183 307 1225 aus
322 1161 482 1246 gewissen
499 1160 700 1224 Praemissen
714 1181 859 1246 gezogeu
880 1160 1008 1223 werden
1027 1159 1173 1222 kdnuten
1195 1156 1262 1220 und
1281 1157 1404 1222 welche

248 1263 384 1346 nicht“.)
419 1262 521 1326 Darin
543 1263 671 1326 werden
695 1263 746 1326 die
769 1263 867 1328 Alten
890 1260 975 1325 wohl
998 1260 1050 1324 ein
1067 1259 1160 1324 Glied
1182 1260 1255 1325 dem
1281 1260 1406 1324 andern

248 1365 463 1430 subordinirt
492 1364 688 1448 empfundeu
718 1363 841 1447 haben,
876 1365 939 1427 und
974 1362 1060 1427 diese
1088 1362 1297 1448 Auffassung
1325 1363 1407 1426 wird

247 1468 340 1532 nicht
366 1465 533 1549 widerlegt
565 1465 665 1529 durch
693 1464 816 1530 Stellen
845 1488 902 1529 aus
930 1464 1102 1549 Sptteren,
1130 1487 1180 1528 wo
1210 1465 1262 1530 die
1287 1465 1407 1548 Frage

248 1569 370 1653 glieder
393 1566 492 1631 durch
515 1573 543 1631 91
570 1567 755 1631 verbunden
779 1567 865 1645 sind,
889 1568 949 1631 wie
972 1566 1143 1643 Quintil.
1165 1567 1202 1645 2,
1230 1568 1285 1644 16,
1315 1568 1354 1631 18
1378 1568 1408 1631 si

249 1672 512 1754 cogitaverimus,
541 1673 625 1733 unde
652 1674 685 1734 et
711 1691 877 1754 quousque
900 1669 963 1732 iam
985 1668 1130 1753 profecta
1152 1669 1195 1733 sit
1217 1669 1334 1733 orandi
1357 1671 1408 1733 fa·

249 1773 361 1838 cultas.
406 1771 498 1835 Eben
521 1793 573 1836 so:
597 1773 632 1854 6,
658 1776 691 1849 1,
714 1772 756 1836 23
780 1794 851 1836 cum
874 1771 1091 1851 dicimus,'ex
1113 1791 1176 1852 qua
1198 1771 1246 1835 illi
1269 1772 1411 1836 fortuna

250 1876 338 1939 etin
361 1896 456 1959 quam
480 1873 684 1938 recidendum
707 1875 759 1938 sit.
783 1911 823 1920 —
852 1877 920 1937 Aus
943 1873 1086 1938 Cicero
1108 1872 1151 1936 ist
1172 1872 1285 1936 ferner
1309 1896 1411 1938 anzu-

250 1976 385 2039 fiihren:
415 1999 445 2058 p.
469 1975 537 2039 Mil.
561 1976 582 2039 9
604 1997 755 2058 quaerere
779 2013 816 2022 -
840 1980 909 2040 ufer
936 1976 1004 2038 afri
1030 1974 1163 2038 insidias
1185 1975 1317 2060 fecerit;
1340 1998 1412 2040 was

250 2077 320 2140 sich
342 2101 391 2160 cp.
417 2078 457 2140 12
480 2076 676 2142 wiederholt.
732 2099 763 2160 p.
787 2076 908 2141 Scauro
931 2079 951 2157 5
977 2076 1016 2139 13
1038 2097 1093 2160 en,
1121 2077 1236 2157 quibem
1263 2078 1411 2141 testibus

250 2179 400 2243 commoti
423 2179 462 2242 de
484 2199 545 2260 quo
567 2177 706 2260 homine,
731 2180 769 2241 de
792 2200 856 2262 quo
878 2199 1006 2262 genere,
1029 2179 1154 2261 dequo
1177 2179 1312 2243 nornine
1335 2202 1412 2244 sen·

250 2282 367 2345 tentiae
395 2280 518 2344 feratis.
562 2281 613 2344 off.
643 2281 679 2362 2,
710 2281 749 2343 19
777 2279 935 2362 videmus,
963 2281 1077 2360 quibus
1104 2281 1273 2344 exstinctis
1298 2286 1411 2346 orato·

249 2383 338 2447 ribus
365 2404 462 2464 quam
489 2383 524 2446 in
552 2383 661 2466 paucis
691 2403 777 2465 spes,
806 2385 925 2462 quanto
953 2382 987 2444 i'n
1016 2382 1221 2465 paucioribus
1248 2383 1411 2465 facultas,

249 2505 346 2566 qaam
367 2486 401 2547 in
424 2483 533 2548 multis
556 2486 599 2547 sit
621 2484 762 2547 audacia.
792 2481 1029 2566 (thelsbachz
1052 2485 1132 2566 „wir
1146 2483 1255 2562 sehen,
1279 2485 1411 2551 welche

251 2586 398 2651 Verluste
421 2585 471 2650 die
489 2585 743 2650 Beredtsamkeit
758 2584 886 2648 erlitteu
902 2584 960 2649 hat
980 2585 1056 2649 und
1072 2586 1132 2649 wie
1147 2587 1253 2671 wenig
1271 2585 1411 2652 Redner

249 2687 411 2752 diesclben
434 2710 472 2750 zu
494 2690 635 2752 ersetzen
659 2686 918 2770 versprecheu“.)
963 2687 1001 2749 ad
1027 2690 1094 2752 Att.
1120 2691 1151 2766 1,
1177 2691 1227 2768 11,
1248 2689 1271 2751 3
1295 2690 1407 2754 incre·

250 2789 347 2853 dibile
377 2794 439 2866 est,
467 2811 565 2871 quom
592 2789 681 2853 brevi
709 2794 852 2873 tempore
881 2795 1000 2870 quanto
1022 2790 1194 2854 deteriores
1217 2790 1410 2856 offensurus

249 2893 304 2955 sis.
349 2889 432 2954 Dass
454 2891 505 2954 bei
528 2890 595 2955 ihm
618 2891 702 2955 diese
718 2890 813 2955 form
836 2890 929 2955 nicht
951 2893 984 2955 in
1007 2892 1184 2956 directer
1200 2892 1309 2978 Frage
1333 2916 1409 2958 vor·

248 2994 386 3069 kommt,
415 2993 458 3056 ist
485 2992 568 3056 wohl
596 2990 710 3056 Zufall.
760 2993 824 3057 uin
853 2992 919 3057 Mal
954 2995 1148 3080 wenigstens
1176 2994 1221 3058 im
1252 2995 1408 3061 directen

249 3095 415 3160 Ausruf:
447 3095 522 3159 fam.
555 3097 607 3173 ll,
636 3095 692 3174 24,
724 3098 738 3158 1
769 3117 866 3177 parom
894 3095 997 3160 multa
1023 3118 1120 3178 quom
1147 3097 1274 3180 paucis!
1314 3099 1407 3181 (scil.

249 3197 429 3282 scripsisti).

335 3303 403 3363 Ans
427 3298 571 3362 Caesar
593 3300 698 3363 kenne
720 3300 774 3364 ich
796 3322 872 3365 nur:
902 3300 933 3363 b.
957 3321 989 3383 g.
1012 3300 1049 3382 5,
1072 3299 1115 3362 44
1143 3304 1179 3363 ut
1200 3299 1283 3363 alter
1305 3300 1405 3366 alteri

249 3402 396 3468 inimicus
425 3400 544 3464 auxilio
574 3402 732 3486 salutique
755 3405 839 3466 esset
860 3423 963 3485 neque
986 3401 1153 3465 diiudicari
1176 3406 1302 3485 posset,
1327 3409 1406 3468 uter

247 3506 313 3567 utri
335 3503 453 3567 virtute
476 3503 701 3570 anteferendus
725 3504 894 3570 videretur.

332 3603 427 3667 h'eblt
450 3604 499 3667 bei
522 3604 649 3668 Sallust.
676 3641 712 3652 -
735 3605 826 3670 Hor.
844 3606 896 3670 od.
919 3606 949 3689 3,
972 3607 1024 3686 27,
1046 3606 1086 3669 37
1110 3606 1193 3671 ande
1214 3626 1275 3689 quo
1299 3608 1402 3671 veui?

332 3704 410 3768 hir.
438 3705 489 3783 10,
521 3707 575 3784 14,
606 3710 621 3769 1
647 3708 793 3772 eonsules
815 3729 887 3772 cum
915 3709 1001 3772 inter
1023 3729 1057 3771 se
1079 3706 1243 3791 agitarent
1265 3746 1306 3755 -
1329 3715 1405 3774 uter

248 3807 286 3870 ad
314 3811 422 3871 utrum
452 3805 571 3871 bellum
599 3807 662 3872 dux
685 3809 819 3874 idoneus
848 3809 950 3895 magis
974 3812 1066 3874 esset.
1112 3809 1170 3886 26,
1196 3809 1251 3890 13,
1276 3811 1297 3873 6
1320 3830 1402 3892 qaro-

247 3911 327 3973 fieas
349 3908 382 3971 in
405 3907 587 3973 obsidentes
610 3932 708 3992 quom
730 3912 858 3976 inimice
887 3911 1093 3995 eruperimus.
1136 3911 1192 3988 30,
1216 3910 1268 3990 42,
1294 3911 1334 3975 18
1360 3935 1401 3976 ex

247 4012 377 4091 quantis
399 4009 514 4093 opibus
537 4032 596 4093 quo
619 4013 807 4078 recidissent
828 4013 1143 4096 Carthaginiensium
1166 4034 1225 4077 ree.

331 4110 431 4175 Vell.
459 4113 495 4194 2,
519 4115 573 4192 86,
606 4118 619 4177 1
652 4137 690 4178 ex
718 4137 781 4198 quo
809 4116 843 4179 in
866 4136 960 4198 quem
983 4118 1104 4178 statum
1127 4114 1310 4199 pervenerit
1330 4114 1398 4179 for-

245 4216 325 4277 tuna
347 4213 488 4296 publica,
512 4217 582 4299 quis
606 4253 644 4262 -
669 4217 849 4299 exprimere
871 4216 1008 4281 audeat?
1058 4215 1106 4280 Im
1129 4216 1266 4279 Ausruf:
1312 4214 1398 4281 Val.

246 4314 343 4379 Max.
372 4317 407 4397 3,
430 4317 467 4398 5,
494 4320 508 4380 1
539 4317 583 4380 dii
612 4318 705 4398 boui,
732 4340 811 4401 quas
839 4318 987 4383 tenebras
1016 4340 1033 4382 9
1062 4339 1124 4402 quo
1146 4317 1282 4380 fulmine
1304 4319 1397 4381 nasci

244 4418 331 4500 passi
354 4418 444 4481 estis!
1148 4423 1150 4430 ’
