<?xml version="1.0" encoding="UTF-8"?>
<!DOCTYPE html PUBLIC "-//W3C//DTD XHTML 1.0 Transitional//EN"
    "http://www.w3.org/TR/xhtml1/DTD/xhtml1-transitional.dtd">
<html xmlns="http://www.w3.org/1999/xhtml" xml:lang="en" lang="en">
 <head>
  <title>
</title>
<meta http-equiv="Content-Type" content="text/html;charset=utf-8" />
  <meta name='ocr-system' content='tesseract 3.04.00' />
  <meta name='ocr-capabilities' content='ocr_page ocr_carea ocr_par ocr_line ocrx_word'/>
</head>
<body>
  <div class='ocr_page' id='page_1' title='image "./historischesynt02draegoog/historischesynt02draegoog_0699.png"; bbox 0 0 3024 5070; ppageno 0'>
   <div class='ocr_carea' id='block_1_1' title="bbox 563 299 794 361">
    <p class='ocr_par' dir='ltr' id='par_1_1' title="bbox 563 299 794 361">
     <span class='ocr_line' id='line_1_1' title="bbox 563 299 794 361; baseline 0 0"><span class='ocrx_word' id='word_1_1' title='bbox 563 299 794 361; x_wconf 76' lang='lat'>-669-</span> 
     </span>
    </p>
   </div>
   <div class='ocr_carea' id='block_1_2' title="bbox 95 448 1298 3480">
    <p class='ocr_par' dir='ltr' id='par_1_2' title="bbox 95 448 1249 634">
     <span class='ocr_line' id='line_1_2' title="bbox 95 448 1249 535; baseline 0.001 -21"><span class='ocrx_word' id='word_1_2' title='bbox 95 451 159 514; x_wconf 85' lang='lat' dir='ltr'><strong>wir</strong></span> <span class='ocrx_word' id='word_1_3' title='bbox 182 449 262 513; x_wconf 89' lang='lat' dir='ltr'><strong>auch</strong></span> <span class='ocrx_word' id='word_1_4' title='bbox 288 449 338 512; x_wconf 90' lang='lat' dir='ltr'><strong>bei</strong></span> <span class='ocrx_word' id='word_1_5' title='bbox 353 448 476 512; x_wconf 88' lang='lat' dir='ltr'><strong>Varro</strong></span> <span class='ocrx_word' id='word_1_6' title='bbox 500 449 520 512; x_wconf 93' lang='lat' dir='ltr'><strong>l.</strong></span> <span class='ocrx_word' id='word_1_7' title='bbox 546 450 602 515; x_wconf 77' lang='lat' dir='ltr'><strong>lo</strong></span> <span class='ocrx_word' id='word_1_8' title='bbox 624 473 653 533; x_wconf 89' lang='lat' dir='ltr'><strong>p.</strong></span> <span class='ocrx_word' id='word_1_9' title='bbox 675 451 732 513; x_wconf 78' lang='grc'><strong>129</strong></span> <span class='ocrx_word' id='word_1_10' title='bbox 749 449 821 534; x_wconf 87' lang='lat' dir='ltr'><strong>Bip.</strong></span> <span class='ocrx_word' id='word_1_11' title='bbox 837 450 969 515; x_wconf 83' lang='lat' dir='ltr'><strong>altorum</strong></span> <span class='ocrx_word' id='word_1_12' title='bbox 986 471 1050 514; x_wconf 76' lang='lat' dir='ltr'><strong>reon</strong></span> <span class='ocrx_word' id='word_1_13' title='bbox 1064 453 1249 535; x_wconf 80' lang='lat' dir='ltr'><strong>conceditur,</strong></span> 
     </span>
     <span class='ocr_line' id='line_1_3' title="bbox 100 550 1011 634; baseline 0.002 -20"><span class='ocrx_word' id='word_1_14' title='bbox 100 552 184 634; x_wconf 90' lang='lat' dir='ltr'><strong>quin</strong></span> <span class='ocrx_word' id='word_1_15' title='bbox 206 555 253 613; x_wconf 89' lang='lat' dir='ltr'><strong>ita</strong></span> <span class='ocrx_word' id='word_1_16' title='bbox 276 551 409 615; x_wconf 90' lang='lat' dir='ltr'><strong>dicatur.</strong></span> <span class='ocrx_word' id='word_1_17' title='bbox 457 551 549 616; x_wconf 80' lang='lat' dir='ltr'><strong>Eben</strong></span> <span class='ocrx_word' id='word_1_18' title='bbox 573 572 608 615; x_wconf 88' lang='lat' dir='ltr'><strong>so</strong></span> <span class='ocrx_word' id='word_1_19' title='bbox 630 550 681 614; x_wconf 88' lang='lat' dir='ltr'><strong>bei</strong></span> <span class='ocrx_word' id='word_1_20' title='bbox 704 550 831 633; x_wconf 80' lang='lat' dir='ltr'><strong>Caesar,</strong></span> <span class='ocrx_word' id='word_1_21' title='bbox 854 573 878 616; x_wconf 87' lang='lat' dir='ltr'><strong>s.</strong></span> <span class='ocrx_word' id='word_1_22' title='bbox 901 554 1011 616; x_wconf 89' lang='lat' dir='ltr'><strong>unten.</strong></span> 
     </span>
    </p>

    <p class='ocr_par' dir='ltr' id='par_1_3' title="bbox 98 651 1249 1447">
     <span class='ocr_line' id='line_1_4' title="bbox 186 651 1247 737; baseline 0.003 -23"><span class='ocrx_word' id='word_1_23' title='bbox 186 651 413 737; x_wconf 76' lang='lat' dir='ltr'><strong>Zeitgenossen</strong></span> <span class='ocrx_word' id='word_1_24' title='bbox 447 652 502 716; x_wconf 87' lang='lat' dir='ltr'><strong>des</strong></span> <span class='ocrx_word' id='word_1_25' title='bbox 531 652 658 717; x_wconf 86' lang='lat' dir='ltr'><strong>Cicero:</strong></span> <span class='ocrx_word' id='word_1_26' title='bbox 692 651 884 717; x_wconf 78' lang='lat' dir='ltr'><strong>Vatinius</strong></span> <span class='ocrx_word' id='word_1_27' title='bbox 914 653 951 717; x_wconf 89' lang='lat' dir='ltr'><strong>ad</strong></span> <span class='ocrx_word' id='word_1_28' title='bbox 981 653 1059 718; x_wconf 88' lang='lat' dir='ltr'><strong>fam.</strong></span> <span class='ocrx_word' id='word_1_29' title='bbox 1088 656 1126 732; x_wconf 87' lang='lat'><strong>5,</strong></span> <span class='ocrx_word' id='word_1_30' title='bbox 1154 657 1205 737; x_wconf 88' lang='grc'><strong>10,</strong></span> <span class='ocrx_word' id='word_1_31' title='bbox 1233 658 1247 717; x_wconf 91' lang='grc'><strong>1</strong></span> 
     </span>
     <span class='ocr_line' id='line_1_5' title="bbox 98 740 1248 838; baseline 0.002 -21"><span class='ocrx_word' id='word_1_32' title='bbox 98 775 167 818; x_wconf 92' lang='lat' dir='ltr'><strong>non</strong></span> <span class='ocrx_word' id='word_1_33' title='bbox 195 756 343 819; x_wconf 64' lang='grc' dir='ltr'><strong>111631ὲί11111</strong></span> <span class='ocrx_word' id='word_1_34' title='bbox 371 754 448 836; x_wconf 89' lang='lat' dir='ltr'><strong>quin</strong></span> <span class='ocrx_word' id='word_1_35' title='bbox 477 754 568 817; x_wconf 90' lang='lat' dir='ltr'><strong>illum</strong></span> <span class='ocrx_word' id='word_1_36' title='bbox 597 753 769 837; x_wconf 90' lang='lat' dir='ltr'><strong>aliquando</strong></span> <span class='ocrx_word' id='word_1_37' title='bbox 799 776 915 818; x_wconf 88' lang='lat' dir='ltr'><strong>eruam.</strong></span> <span class='ocrx_word' id='word_1_38' title='bbox 961 740 1122 820; x_wconf 84' lang='lat' dir='ltr'><strong>Caelius</strong></span> <span class='ocrx_word' id='word_1_39' title='bbox 1152 756 1195 820; x_wconf 95' lang='lat' dir='ltr'><strong>ib.</strong></span> <span class='ocrx_word' id='word_1_40' title='bbox 1218 759 1248 838; x_wconf 85' lang='lat'><strong>8,</strong></span> 
     </span>
     <span class='ocr_line' id='line_1_6' title="bbox 104 855 1248 939; baseline 0.003 -20"><span class='ocrx_word' id='word_1_41' title='bbox 104 858 153 937; x_wconf 85' lang='lat'><strong>14,</strong></span> <span class='ocrx_word' id='word_1_42' title='bbox 177 857 197 920; x_wconf 86' lang='lat'>3</span> <span class='ocrx_word' id='word_1_43' title='bbox 225 855 306 919; x_wconf 90' lang='lat' dir='ltr'><strong>illud</strong></span> <span class='ocrx_word' id='word_1_44' title='bbox 333 859 364 919; x_wconf 89' lang='lat' dir='ltr'><strong>te</strong></span> <span class='ocrx_word' id='word_1_45' title='bbox 393 876 459 919; x_wconf 90' lang='lat' dir='ltr'><strong>non</strong></span> <span class='ocrx_word' id='word_1_46' title='bbox 486 856 624 920; x_wconf 76' lang='lat' dir='ltr'><strong>arbitror</strong></span> <span class='ocrx_word' id='word_1_47' title='bbox 648 856 758 937; x_wconf 74' lang='lat' dir='ltr'><strong>sapore</strong></span> <span class='ocrx_word' id='word_1_48' title='bbox 786 857 863 939; x_wconf 91' lang='lat' dir='ltr'><strong>quin</strong></span> <span class='ocrx_word' id='word_1_49' title='bbox 893 855 1038 921; x_wconf 87' lang='lat' dir='ltr'><strong>homines</strong></span> <span class='ocrx_word' id='word_1_50' title='bbox 1065 857 1099 920; x_wconf 90' lang='lat' dir='ltr'><strong>in</strong></span> <span class='ocrx_word' id='word_1_51' title='bbox 1130 857 1248 922; x_wconf 88' lang='lat' dir='ltr'><strong>dissen-</strong></span> 
     </span>
     <span class='ocr_line' id='line_1_7' title="bbox 100 956 1247 1040; baseline 0.002 -19"><span class='ocrx_word' id='word_1_52' title='bbox 100 959 193 1021; x_wconf 83' lang='lat' dir='ltr'><strong>sione</strong></span> <span class='ocrx_word' id='word_1_53' title='bbox 217 957 391 1021; x_wconf 89' lang='lat' dir='ltr'><strong>domestica</strong></span> <span class='ocrx_word' id='word_1_54' title='bbox 413 957 551 1020; x_wconf 86' lang='lat' dir='ltr'><strong>debeant</strong></span> <span class='ocrx_word' id='word_1_55' title='bbox 569 994 604 1002; x_wconf 92' lang='lat'>—</span> <span class='ocrx_word' id='word_1_56' title='bbox 623 956 839 1020; x_wconf 80' lang='lat' dir='ltr'><strong>honestiorem</strong></span> <span class='ocrx_word' id='word_1_57' title='bbox 863 958 952 1040; x_wconf 90' lang='lat' dir='ltr'><strong>sequi</strong></span> <span class='ocrx_word' id='word_1_58' title='bbox 975 962 1108 1040; x_wconf 87' lang='lat' dir='ltr'><strong>partem.</strong></span> <span class='ocrx_word' id='word_1_59' title='bbox 1156 958 1247 1024; x_wconf 89' lang='lat' dir='ltr'><strong>Bru-</strong></span> 
     </span>
     <span class='ocr_line' id='line_1_8' title="bbox 99 1058 1249 1143; baseline 0.002 -20"><span class='ocrx_word' id='word_1_60' title='bbox 99 1064 166 1123; x_wconf 87' lang='lat' dir='ltr'><strong>tus</strong></span> <span class='ocrx_word' id='word_1_61' title='bbox 189 1082 238 1142; x_wconf 91' lang='lat' dir='ltr'><strong>ep.</strong></span> <span class='ocrx_word' id='word_1_62' title='bbox 262 1060 301 1122; x_wconf 88' lang='lat' dir='ltr'><strong>ad</strong></span> <span class='ocrx_word' id='word_1_63' title='bbox 325 1058 414 1126; x_wconf 89' lang='lat' dir='ltr'><strong>Brut.</strong></span> <span class='ocrx_word' id='word_1_64' title='bbox 440 1063 466 1140; x_wconf 96' lang='grc'><strong>1,</strong></span> <span class='ocrx_word' id='word_1_65' title='bbox 491 1060 528 1123; x_wconf 80' lang='lat' dir='ltr'><strong>ll</strong></span> <span class='ocrx_word' id='word_1_66' title='bbox 558 1079 618 1143; x_wconf 81' lang='lat' dir='ltr'><strong>ego</strong></span> <span class='ocrx_word' id='word_1_67' title='bbox 647 1063 732 1122; x_wconf 89' lang='lat' dir='ltr'><strong>certe</strong></span> <span class='ocrx_word' id='word_1_68' title='bbox 761 1059 839 1141; x_wconf 90' lang='lat' dir='ltr'><strong>quin</strong></span> <span class='ocrx_word' id='word_1_69' title='bbox 868 1080 939 1122; x_wconf 88' lang='lat' dir='ltr'><strong>eum</strong></span> <span class='ocrx_word' id='word_1_70' title='bbox 969 1060 1046 1142; x_wconf 87' lang='lat' dir='ltr'><strong>ipsa.</strong></span> <span class='ocrx_word' id='word_1_71' title='bbox 1066 1082 1100 1122; x_wconf 93' lang='lat' dir='ltr'><strong>re</strong></span> <span class='ocrx_word' id='word_1_72' title='bbox 1130 1061 1249 1125; x_wconf 90' lang='lat' dir='ltr'><strong>bellum</strong></span> 
     </span>
     <span class='ocr_line' id='line_1_9' title="bbox 102 1159 1248 1245; baseline 0.003 -21"><span class='ocrx_word' id='word_1_73' title='bbox 102 1183 215 1245; x_wconf 85' lang='lat' dir='ltr'><strong>geram</strong></span> <span class='ocrx_word' id='word_1_74' title='bbox 238 1200 276 1207; x_wconf 92' lang='lat'>—</span> <span class='ocrx_word' id='word_1_75' title='bbox 300 1161 389 1225; x_wconf 86' lang='lat' dir='ltr'><strong>nulla</strong></span> <span class='ocrx_word' id='word_1_76' title='bbox 413 1162 473 1224; x_wconf 86' lang='lat' dir='ltr'><strong>erit</strong></span> <span class='ocrx_word' id='word_1_77' title='bbox 495 1164 562 1224; x_wconf 91' lang='lat' dir='ltr'><strong>tam</strong></span> <span class='ocrx_word' id='word_1_78' title='bbox 586 1160 670 1224; x_wconf 91' lang='lat' dir='ltr'><strong>bona</strong></span> <span class='ocrx_word' id='word_1_79' title='bbox 691 1159 837 1223; x_wconf 88' lang='lat' dir='ltr'><strong>condicio</strong></span> <span class='ocrx_word' id='word_1_80' title='bbox 859 1183 922 1244; x_wconf 90' lang='lat' dir='ltr'><strong>qua</strong></span> <span class='ocrx_word' id='word_1_81' title='bbox 944 1163 1110 1229; x_wconf 81' lang='lat' dir='ltr'><strong>deterrear.</strong></span> <span class='ocrx_word' id='word_1_82' title='bbox 1148 1162 1248 1227; x_wconf 89' lang='lat' dir='ltr'><strong>Ibid.:</strong></span> 
     </span>
     <span class='ocr_line' id='line_1_10' title="bbox 102 1262 1248 1347; baseline 0.002 -21"><span class='ocrx_word' id='word_1_83' title='bbox 102 1285 207 1347; x_wconf 88' lang='lat' dir='ltr'><strong>neque</strong></span> <span class='ocrx_word' id='word_1_84' title='bbox 230 1263 315 1326; x_wconf 89' lang='lat' dir='ltr'><strong>enim</strong></span> <span class='ocrx_word' id='word_1_85' title='bbox 338 1265 505 1345; x_wconf 82' lang='lat' dir='ltr'><strong>impetrari</strong></span> <span class='ocrx_word' id='word_1_86' title='bbox 526 1267 632 1345; x_wconf 89' lang='lat' dir='ltr'><strong>potest</strong></span> <span class='ocrx_word' id='word_1_87' title='bbox 654 1262 741 1345; x_wconf 87' lang='lat' dir='ltr'><strong>quin,</strong></span> <span class='ocrx_word' id='word_1_88' title='bbox 764 1262 857 1343; x_wconf 85' lang='lat' dir='ltr'><strong>quale</strong></span> <span class='ocrx_word' id='word_1_89' title='bbox 880 1263 1018 1345; x_wconf 86' lang='lat' dir='ltr'><strong>quidque</strong></span> <span class='ocrx_word' id='word_1_90' title='bbox 1040 1263 1187 1329; x_wconf 87' lang='lat' dir='ltr'><strong>videatur</strong></span> <span class='ocrx_word' id='word_1_91' title='bbox 1209 1268 1248 1343; x_wconf 85' lang='lat' dir='ltr'><strong>ei,</strong></span> 
     </span>
     <span class='ocr_line' id='line_1_11' title="bbox 103 1362 837 1447; baseline -0.004 -20"><span class='ocrx_word' id='word_1_92' title='bbox 103 1364 200 1428; x_wconf 89' lang='lat' dir='ltr'><strong>talem</strong></span> <span class='ocrx_word' id='word_1_93' title='bbox 224 1365 358 1446; x_wconf 90' lang='lat' dir='ltr'><strong>quisque</strong></span> <span class='ocrx_word' id='word_1_94' title='bbox 381 1365 419 1427; x_wconf 93' lang='lat' dir='ltr'><strong>de</strong></span> <span class='ocrx_word' id='word_1_95' title='bbox 443 1386 480 1428; x_wconf 90' lang='lat' dir='ltr'><strong>eo</strong></span> <span class='ocrx_word' id='word_1_96' title='bbox 503 1365 687 1447; x_wconf 87' lang='lat' dir='ltr'><strong>opinionem</strong></span> <span class='ocrx_word' id='word_1_97' title='bbox 711 1362 837 1425; x_wconf 89' lang='lat' dir='ltr'><strong>habeat.</strong></span> 
     </span>
    </p>

    <p class='ocr_par' dir='ltr' id='par_1_4' title="bbox 102 1467 1298 3480">
     <span class='ocr_line' id='line_1_12' title="bbox 190 1467 1249 1550; baseline 0.004 -22"><span class='ocrx_word' id='word_1_98' title='bbox 190 1467 298 1530; x_wconf 84' lang='lat' dir='ltr'><strong>Caes.</strong></span> <span class='ocrx_word' id='word_1_99' title='bbox 324 1467 353 1528; x_wconf 92' lang='lat' dir='ltr'><strong>b.</strong></span> <span class='ocrx_word' id='word_1_100' title='bbox 377 1486 407 1548; x_wconf 82' lang='lat' dir='ltr'><strong>g.</strong></span> <span class='ocrx_word' id='word_1_101' title='bbox 435 1469 462 1542; x_wconf 85' lang='lat'><strong>1,</strong></span> <span class='ocrx_word' id='word_1_102' title='bbox 484 1467 504 1528; x_wconf 90' lang='grc'>4</span> <span class='ocrx_word' id='word_1_103' title='bbox 527 1488 629 1548; x_wconf 90' lang='lat' dir='ltr'><strong>neque</strong></span> <span class='ocrx_word' id='word_1_104' title='bbox 658 1467 748 1529; x_wconf 90' lang='lat' dir='ltr'><strong>abest</strong></span> <span class='ocrx_word' id='word_1_105' title='bbox 776 1468 973 1546; x_wconf 82' lang='lat' dir='ltr'><strong>euspicio-</strong></span> <span class='ocrx_word' id='word_1_106' title='bbox 998 1468 1075 1550; x_wconf 91' lang='lat' dir='ltr'><strong>quin</strong></span> <span class='ocrx_word' id='word_1_107' title='bbox 1099 1470 1166 1550; x_wconf 90' lang='lat' dir='ltr'><strong>ipse</strong></span> <span class='ocrx_word' id='word_1_108' title='bbox 1189 1469 1249 1532; x_wconf 88' lang='lat' dir='ltr'><strong>sibi</strong></span> 
     </span>
     <span class='ocr_line' id='line_1_13' title="bbox 103 1567 1250 1653; baseline 0 -22"><span class='ocrx_word' id='word_1_109' title='bbox 103 1572 238 1632; x_wconf 88' lang='lat' dir='ltr'><strong>mortem</strong></span> <span class='ocrx_word' id='word_1_110' title='bbox 261 1567 462 1631; x_wconf 78' lang='lat' dir='ltr'><strong>consciverit.</strong></span> <span class='ocrx_word' id='word_1_111' title='bbox 502 1568 530 1648; x_wconf 78' lang='lat' dir='ltr'><strong>l,</strong></span> <span class='ocrx_word' id='word_1_112' title='bbox 547 1569 588 1630; x_wconf 90' lang='lat'><strong>44</strong></span> <span class='ocrx_word' id='word_1_113' title='bbox 610 1589 669 1630; x_wconf 84' lang='lat' dir='ltr'><strong>nec</strong></span> <span class='ocrx_word' id='word_1_114' title='bbox 686 1569 746 1629; x_wconf 90' lang='lat' dir='ltr'><strong>iam</strong></span> <span class='ocrx_word' id='word_1_115' title='bbox 765 1568 857 1631; x_wconf 81' lang='lat' dir='ltr'><strong>aliter</strong></span> <span class='ocrx_word' id='word_1_116' title='bbox 871 1572 985 1632; x_wconf 77' lang='lat' dir='ltr'><strong>sentire</strong></span> <span class='ocrx_word' id='word_1_117' title='bbox 1000 1607 1039 1615; x_wconf 93' lang='lat'><em>-</em></span> <span class='ocrx_word' id='word_1_118' title='bbox 1056 1570 1134 1653; x_wconf 92' lang='lat' dir='ltr'><strong>quin</strong></span> <span class='ocrx_word' id='word_1_119' title='bbox 1150 1593 1250 1652; x_wconf 88' lang='lat' dir='ltr'><strong>paene</strong></span> 
     </span>
     <span class='ocr_line' id='line_1_14' title="bbox 102 1668 1250 1757; baseline 0.003 -25"><span class='ocrx_word' id='word_1_120' title='bbox 102 1669 335 1733; x_wconf 86' lang='lat' dir='ltr'><strong>circumvallati</strong></span> <span class='ocrx_word' id='word_1_121' title='bbox 365 1669 557 1733; x_wconf 86' lang='lat' dir='ltr'><strong>viderentur.</strong></span> <span class='ocrx_word' id='word_1_122' title='bbox 605 1668 677 1752; x_wconf 80' lang='lat' dir='ltr'><strong>vgl.</strong></span> <span class='ocrx_word' id='word_1_123' title='bbox 708 1668 792 1731; x_wconf 87' lang='lat' dir='ltr'><strong>oberr</strong></span> <span class='ocrx_word' id='word_1_124' title='bbox 821 1669 871 1731; x_wconf 88' lang='lat' dir='ltr'><strong>die</strong></span> <span class='ocrx_word' id='word_1_125' title='bbox 901 1669 1017 1734; x_wconf 88' lang='lat' dir='ltr'><strong>letzten</strong></span> <span class='ocrx_word' id='word_1_126' title='bbox 1050 1669 1166 1757; x_wconf 79' lang='lat' dir='ltr'><strong>Beliige</strong></span> <span class='ocrx_word' id='word_1_127' title='bbox 1194 1695 1250 1735; x_wconf 84' lang='lat' dir='ltr'><strong>aus</strong></span> 
     </span>
     <span class='ocr_line' id='line_1_15' title="bbox 104 1770 1252 1855; baseline 0.003 -20"><span class='ocrx_word' id='word_1_128' title='bbox 104 1772 226 1835; x_wconf 77' lang='lat' dir='ltr'><strong>Cicero</strong></span> <span class='ocrx_word' id='word_1_129' title='bbox 270 1772 307 1852; x_wconf 87' lang='lat'><strong>3,</strong></span> <span class='ocrx_word' id='word_1_130' title='bbox 337 1772 378 1833; x_wconf 88' lang='grc'><strong>24</strong></span> <span class='ocrx_word' id='word_1_131' title='bbox 405 1773 575 1852; x_wconf 64' lang='lat' dir='ltr'><strong>exspectari</strong></span> <span class='ocrx_word' id='word_1_132' title='bbox 604 1770 722 1832; x_wconf 85' lang='lat' dir='ltr'><strong>diutius</strong></span> <span class='ocrx_word' id='word_1_133' title='bbox 751 1791 818 1833; x_wconf 90' lang='lat' dir='ltr'><strong>non</strong></span> <span class='ocrx_word' id='word_1_134' title='bbox 847 1776 1006 1853; x_wconf 76' lang='lat' dir='ltr'><strong>oportere,</strong></span> <span class='ocrx_word' id='word_1_135' title='bbox 1021 1795 1051 1855; x_wconf 89' lang='lat' dir='ltr'><strong>q.</strong></span> <span class='ocrx_word' id='word_1_136' title='bbox 1080 1774 1119 1836; x_wconf 87' lang='lat' dir='ltr'><strong>ad</strong></span> <span class='ocrx_word' id='word_1_137' title='bbox 1149 1780 1252 1838; x_wconf 87' lang='lat' dir='ltr'><strong>castra</strong></span> 
     </span>
     <span class='ocr_line' id='line_1_16' title="bbox 104 1871 1245 1956; baseline 0.005 -22"><span class='ocrx_word' id='word_1_138' title='bbox 104 1874 215 1936; x_wconf 87' lang='lat' dir='ltr'><strong>iretur.</strong></span> <span class='ocrx_word' id='word_1_139' title='bbox 261 1871 352 1936; x_wconf 89' lang='lat' dir='ltr'><strong>Nach</strong></span> <span class='ocrx_word' id='word_1_140' title='bbox 375 1872 532 1956; x_wconf 83' lang='lat' dir='ltr'><strong>Analogia</strong></span> <span class='ocrx_word' id='word_1_141' title='bbox 552 1895 611 1935; x_wconf 89' lang='lat' dir='ltr'><strong>von</strong></span> <span class='ocrx_word' id='word_1_142' title='bbox 634 1873 663 1947; x_wconf 84' lang='lat'><strong>3,</strong></span> <span class='ocrx_word' id='word_1_143' title='bbox 679 1872 720 1935; x_wconf 87' lang='grc'><strong>23</strong></span> <span class='ocrx_word' id='word_1_144' title='bbox 736 1892 802 1934; x_wconf 89' lang='lat' dir='ltr'><strong>non</strong></span> <span class='ocrx_word' id='word_1_145' title='bbox 825 1875 1036 1938; x_wconf 75' lang='lat' dir='ltr'><strong>moctoadum</strong></span> <span class='ocrx_word' id='word_1_146' title='bbox 1051 1875 1245 1956; x_wconf 70' lang='lat' dir='ltr'><strong>existimarit</strong></span> 
     </span>
     <span class='ocr_line' id='line_1_17' title="bbox 104 1963 1250 2057; baseline 0.003 -21"><span class='ocrx_word' id='word_1_147' title='bbox 104 1996 133 2057; x_wconf 91' lang='lat' dir='ltr'><strong>q.</strong></span> <span class='ocrx_word' id='word_1_148' title='bbox 164 1995 275 2057; x_wconf 83' lang='lat' dir='ltr'><strong>pugna</strong></span> <span class='ocrx_word' id='word_1_149' title='bbox 302 1963 487 2039; x_wconf 87' lang='lat' dir='ltr'><strong>decertaret.</strong></span> <span class='ocrx_word' id='word_1_150' title='bbox 536 1973 607 2057; x_wconf 85' lang='lat' dir='ltr'><strong>Vgl.</strong></span> <span class='ocrx_word' id='word_1_151' title='bbox 637 1974 720 2036; x_wconf 90' lang='lat' dir='ltr'><strong>oben</strong></span> <span class='ocrx_word' id='word_1_152' title='bbox 754 1994 820 2037; x_wconf 79' lang='lat' dir='ltr'><strong>aaa</strong></span> <span class='ocrx_word' id='word_1_153' title='bbox 852 1995 942 2039; x_wconf 82' lang='lat' dir='ltr'><strong>moro</strong></span> <span class='ocrx_word' id='word_1_154' title='bbox 970 1981 1013 2039; x_wconf 80' lang='lat' dir='ltr'><strong>eet</strong></span> <span class='ocrx_word' id='word_1_155' title='bbox 1043 1977 1091 2039; x_wconf 87' lang='lat' dir='ltr'><strong>bei</strong></span> <span class='ocrx_word' id='word_1_156' title='bbox 1119 1977 1250 2039; x_wconf 73' lang='lat' dir='ltr'><strong>&#39;l&#39;erena</strong></span> 
     </span>
     <span class='ocr_line' id='line_1_18' title="bbox 104 2075 1250 2158; baseline 0.003 -20"><span class='ocrx_word' id='word_1_157' title='bbox 104 2075 277 2158; x_wconf 78' lang='lat' dir='ltr'><strong>Elliptisch</strong></span> <span class='ocrx_word' id='word_1_158' title='bbox 307 2076 446 2140; x_wconf 87' lang='lat' dir='ltr'><strong>scheint:</strong></span> <span class='ocrx_word' id='word_1_159' title='bbox 482 2077 510 2153; x_wconf 80' lang='lat'><strong>7,</strong></span> <span class='ocrx_word' id='word_1_160' title='bbox 544 2079 578 2139; x_wconf 94' lang='lat' dir='ltr'><strong>ll</strong></span> <span class='ocrx_word' id='word_1_161' title='bbox 604 2076 773 2158; x_wconf 76' lang='lat' dir='ltr'><strong>perpaucis</strong></span> <span class='ocrx_word' id='word_1_162' title='bbox 801 2097 838 2137; x_wconf 86' lang='lat' dir='ltr'><strong>ex</strong></span> <span class='ocrx_word' id='word_1_163' title='bbox 867 2075 1007 2139; x_wconf 90' lang='lat' dir='ltr'><strong>hostium</strong></span> <span class='ocrx_word' id='word_1_164' title='bbox 1036 2100 1168 2141; x_wconf 86' lang='lat' dir='ltr'><strong>numero</strong></span> <span class='ocrx_word' id='word_1_165' title='bbox 1198 2079 1250 2141; x_wconf 88' lang='lat' dir='ltr'><strong>de·</strong></span> 
     </span>
     <span class='ocr_line' id='line_1_19' title="bbox 104 2176 1249 2260; baseline 0.003 -21"><span class='ocrx_word' id='word_1_166' title='bbox 104 2177 268 2254; x_wconf 75' lang='lat' dir='ltr'><strong>sideratio,</strong></span> <span class='ocrx_word' id='word_1_167' title='bbox 297 2179 373 2260; x_wconf 91' lang='lat' dir='ltr'><strong>quin</strong></span> <span class='ocrx_word' id='word_1_168' title='bbox 402 2178 509 2241; x_wconf 86' lang='lat' dir='ltr'><strong>cuncti</strong></span> <span class='ocrx_word' id='word_1_169' title='bbox 538 2181 735 2260; x_wconf 85' lang='lat' dir='ltr'><strong>caperentur.</strong></span> <span class='ocrx_word' id='word_1_170' title='bbox 782 2177 862 2240; x_wconf 86' lang='lat' dir='ltr'><strong>Dcm</strong></span> <span class='ocrx_word' id='word_1_171' title='bbox 895 2176 1060 2241; x_wconf 88' lang='lat' dir='ltr'><strong>Veri&#39;asser</strong></span> <span class='ocrx_word' id='word_1_172' title='bbox 1088 2179 1249 2242; x_wconf 82' lang='lat' dir='ltr'><strong>echwebte</strong></span> 
     </span>
     <span class='ocr_line' id='line_1_20' title="bbox 104 2279 1250 2363; baseline 0.003 -22"><span class='ocrx_word' id='word_1_173' title='bbox 104 2301 178 2343; x_wconf 84' lang='lat' dir='ltr'><strong>vor:</strong></span> <span class='ocrx_word' id='word_1_174' title='bbox 208 2300 273 2342; x_wconf 89' lang='lat' dir='ltr'><strong>non</strong></span> <span class='ocrx_word' id='word_1_175' title='bbox 302 2279 436 2341; x_wconf 90' lang='lat' dir='ltr'><strong>multum</strong></span> <span class='ocrx_word' id='word_1_176' title='bbox 466 2279 570 2342; x_wconf 88' lang='lat' dir='ltr'><strong>abfuit</strong></span> <span class='ocrx_word' id='word_1_177' title='bbox 592 2279 681 2362; x_wconf 91' lang='lat' dir='ltr'><strong>quin.</strong></span> <span class='ocrx_word' id='word_1_178' title='bbox 728 2279 754 2341; x_wconf 87' lang='lat' dir='ltr'><strong>b.</strong></span> <span class='ocrx_word' id='word_1_179' title='bbox 781 2301 806 2340; x_wconf 86' lang='lat' dir='ltr'><strong>c.</strong></span> <span class='ocrx_word' id='word_1_180' title='bbox 829 2280 860 2357; x_wconf 87' lang='lat'><strong>3,</strong></span> <span class='ocrx_word' id='word_1_181' title='bbox 885 2280 926 2340; x_wconf 76' lang='lat'><strong>94</strong></span> <span class='ocrx_word' id='word_1_182' title='bbox 949 2301 1052 2363; x_wconf 88' lang='lat' dir='ltr'><strong>neque</strong></span> <span class='ocrx_word' id='word_1_183' title='bbox 1076 2303 1148 2344; x_wconf 91' lang='lat' dir='ltr'><strong>vero</strong></span> <span class='ocrx_word' id='word_1_184' title='bbox 1174 2281 1250 2346; x_wconf 84' lang='lat' dir='ltr'><strong>Cae-</strong></span> 
     </span>
     <span class='ocr_line' id='line_1_21' title="bbox 105 2380 1253 2470; baseline 0.003 -27"><span class='ocrx_word' id='word_1_185' title='bbox 105 2402 209 2443; x_wconf 85' lang='lat' dir='ltr'><strong>sarem</strong></span> <span class='ocrx_word' id='word_1_186' title='bbox 230 2380 341 2470; x_wconf 76' lang='lat' dir='ltr'><strong>fefellit</strong></span> <span class='ocrx_word' id='word_1_187' title='bbox 363 2404 392 2463; x_wconf 84' lang='lat' dir='ltr'><strong>q.</strong></span> <span class='ocrx_word' id='word_1_188' title='bbox 416 2383 455 2443; x_wconf 86' lang='lat' dir='ltr'><strong>ab</strong></span> <span class='ocrx_word' id='word_1_189' title='bbox 478 2381 518 2444; x_wconf 90' lang='lat' dir='ltr'><strong>iis</strong></span> <span class='ocrx_word' id='word_1_190' title='bbox 540 2381 668 2444; x_wconf 91' lang='lat' dir='ltr'><strong>initium</strong></span> <span class='ocrx_word' id='word_1_191' title='bbox 692 2380 844 2443; x_wconf 90' lang='lat' dir='ltr'><strong>victoriae</strong></span> <span class='ocrx_word' id='word_1_192' title='bbox 866 2380 1010 2444; x_wconf 91' lang='lat' dir='ltr'><strong>oriretur.</strong></span> <span class='ocrx_word' id='word_1_193' title='bbox 1060 2382 1137 2445; x_wconf 89' lang='lat' dir='ltr'><strong>Was</strong></span> <span class='ocrx_word' id='word_1_194' title='bbox 1161 2389 1253 2446; x_wconf 79' lang='lat' dir='ltr'><strong>ronst</strong></span> 
     </span>
     <span class='ocr_line' id='line_1_22' title="bbox 105 2480 1249 2569; baseline 0.003 -24"><span class='ocrx_word' id='word_1_195' title='bbox 105 2484 156 2545; x_wconf 88' lang='lat' dir='ltr'><strong>bei</strong></span> <span class='ocrx_word' id='word_1_196' title='bbox 179 2482 297 2546; x_wconf 76' lang='lat' dir='ltr'><strong>Caesar</strong></span> <span class='ocrx_word' id='word_1_197' title='bbox 327 2483 522 2561; x_wconf 86' lang='lat' dir='ltr'><strong>vorkommt,</strong></span> <span class='ocrx_word' id='word_1_198' title='bbox 558 2484 600 2546; x_wconf 87' lang='lat' dir='ltr'><strong>ist</strong></span> <span class='ocrx_word' id='word_1_199' title='bbox 630 2483 734 2546; x_wconf 88' lang='lat' dir='ltr'><strong>weder</strong></span> <span class='ocrx_word' id='word_1_200' title='bbox 762 2503 823 2544; x_wconf 90' lang='lat' dir='ltr'><strong>neu</strong></span> <span class='ocrx_word' id='word_1_201' title='bbox 854 2480 936 2544; x_wconf 90' lang='lat' dir='ltr'><strong>noch</strong></span> <span class='ocrx_word' id='word_1_202' title='bbox 965 2483 1131 2568; x_wconf 77' lang='lat' dir='ltr'><strong>ausfallig:</strong></span> <span class='ocrx_word' id='word_1_203' title='bbox 1166 2486 1194 2548; x_wconf 94' lang='lat' dir='ltr'><strong>b.</strong></span> <span class='ocrx_word' id='word_1_204' title='bbox 1218 2507 1249 2569; x_wconf 84' lang='lat' dir='ltr'><strong>g.</strong></span> 
     </span>
     <span class='ocr_line' id='line_1_23' title="bbox 109 2582 1251 2668; baseline 0.005 -24"><span class='ocrx_word' id='word_1_205' title='bbox 109 2586 137 2663; x_wconf 86' lang='lat'><strong>1,</strong></span> <span class='ocrx_word' id='word_1_206' title='bbox 160 2585 201 2646; x_wconf 78' lang='lat'><strong>47</strong></span> <span class='ocrx_word' id='word_1_207' title='bbox 227 2585 355 2647; x_wconf 88' lang='lat' dir='ltr'><strong>retineri</strong></span> <span class='ocrx_word' id='word_1_208' title='bbox 387 2606 452 2647; x_wconf 86' lang='lat' dir='ltr'><strong>non</strong></span> <span class='ocrx_word' id='word_1_209' title='bbox 482 2607 575 2668; x_wconf 88' lang='lat' dir='ltr'><strong>posse</strong></span> <span class='ocrx_word' id='word_1_210' title='bbox 606 2584 693 2667; x_wconf 90' lang='lat' dir='ltr'><strong>quin.</strong></span> <span class='ocrx_word' id='word_1_211' title='bbox 737 2583 767 2659; x_wconf 76' lang='grc' dir='ltr'><strong>ὃ,</strong></span> <span class='ocrx_word' id='word_1_212' title='bbox 790 2584 833 2645; x_wconf 70' lang='lat' dir='ltr'><strong>bf)</strong></span> <span class='ocrx_word' id='word_1_213' title='bbox 860 2582 983 2645; x_wconf 90' lang='lat' dir='ltr'><strong>nullum</strong></span> <span class='ocrx_word' id='word_1_214' title='bbox 1006 2588 1132 2667; x_wconf 90' lang='lat' dir='ltr'><strong>tempus</strong></span> <span class='ocrx_word' id='word_1_215' title='bbox 1156 2587 1251 2650; x_wconf 90' lang='lat' dir='ltr'><strong>inter·</strong></span> 
     </span>
     <span class='ocr_line' id='line_1_24' title="bbox 105 2685 1253 2769; baseline 0.004 -21"><span class='ocrx_word' id='word_1_216' title='bbox 105 2687 261 2749; x_wconf 88' lang='lat' dir='ltr'><strong>miserunt</strong></span> <span class='ocrx_word' id='word_1_217' title='bbox 282 2708 312 2767; x_wconf 87' lang='lat' dir='ltr'><strong>q.</strong></span> <span class='ocrx_word' id='word_1_218' title='bbox 335 2691 424 2749; x_wconf 89' lang='lat' dir='ltr'><strong>trans</strong></span> <span class='ocrx_word' id='word_1_219' title='bbox 449 2685 595 2749; x_wconf 84' lang='lat' dir='ltr'><strong>Rhenum</strong></span> <span class='ocrx_word' id='word_1_220' title='bbox 619 2686 740 2769; x_wconf 80' lang='lat' dir='ltr'><strong>legatos</strong></span> <span class='ocrx_word' id='word_1_221' title='bbox 763 2685 935 2748; x_wconf 87' lang='lat' dir='ltr'><strong>mitterent.</strong></span> <span class='ocrx_word' id='word_1_222' title='bbox 973 2688 1004 2761; x_wconf 79' lang='grc'><strong>11,</strong></span> <span class='ocrx_word' id='word_1_223' title='bbox 1022 2687 1064 2750; x_wconf 83' lang='grc'><strong>39</strong></span> <span class='ocrx_word' id='word_1_224' title='bbox 1086 2709 1180 2752; x_wconf 89' lang='lat' dir='ltr'><strong>nemo</strong></span> <span class='ocrx_word' id='word_1_225' title='bbox 1204 2694 1253 2752; x_wconf 89' lang='lat' dir='ltr'><strong>est</strong></span> 
     </span>
     <span class='ocr_line' id='line_1_25' title="bbox 108 2786 1248 2871; baseline 0.005 -23"><span class='ocrx_word' id='word_1_226' title='bbox 108 2792 173 2850; x_wconf 86' lang='lat' dir='ltr'><strong>tam</strong></span> <span class='ocrx_word' id='word_1_227' title='bbox 197 2788 301 2868; x_wconf 79' lang='lat' dir='ltr'><strong>fortia,</strong></span> <span class='ocrx_word' id='word_1_228' title='bbox 324 2809 354 2871; x_wconf 89' lang='lat' dir='ltr'><strong>q.</strong></span> <span class='ocrx_word' id='word_1_229' title='bbox 378 2788 424 2849; x_wconf 87' lang='lat' dir='ltr'><strong>rei</strong></span> <span class='ocrx_word' id='word_1_230' title='bbox 439 2788 582 2851; x_wconf 90' lang='lat' dir='ltr'><strong>novitate</strong></span> <span class='ocrx_word' id='word_1_231' title='bbox 606 2787 817 2869; x_wconf 91' lang='lat' dir='ltr'><strong>perturbetur.</strong></span> <span class='ocrx_word' id='word_1_232' title='bbox 864 2786 906 2849; x_wconf 84' lang='lat' dir='ltr'><strong>So</strong></span> <span class='ocrx_word' id='word_1_233' title='bbox 929 2787 1027 2850; x_wconf 84' lang='lat' dir='ltr'><strong>sebon</strong></span> <span class='ocrx_word' id='word_1_234' title='bbox 1052 2789 1100 2851; x_wconf 89' lang='lat' dir='ltr'><strong>bei</strong></span> <span class='ocrx_word' id='word_1_235' title='bbox 1117 2788 1248 2854; x_wconf 85' lang='lat' dir='ltr'><strong>Terena.</strong></span> 
     </span>
     <span class='ocr_line' id='line_1_26' title="bbox 107 2888 1252 2972; baseline 0.004 -22"><span class='ocrx_word' id='word_1_236' title='bbox 107 2888 136 2951; x_wconf 93' lang='lat' dir='ltr'><strong>b.</strong></span> <span class='ocrx_word' id='word_1_237' title='bbox 162 2911 187 2953; x_wconf 90' lang='lat' dir='ltr'><strong>c.</strong></span> <span class='ocrx_word' id='word_1_238' title='bbox 215 2892 240 2970; x_wconf 95' lang='grc'><strong>1,</strong></span> <span class='ocrx_word' id='word_1_239' title='bbox 264 2889 304 2952; x_wconf 78' lang='grc'><strong>18</strong></span> <span class='ocrx_word' id='word_1_240' title='bbox 333 2888 456 2952; x_wconf 90' lang='lat' dir='ltr'><strong>nullum</strong></span> <span class='ocrx_word' id='word_1_241' title='bbox 480 2889 695 2952; x_wconf 76' lang='lat' dir='ltr'><strong>intercedebat</strong></span> <span class='ocrx_word' id='word_1_242' title='bbox 718 2894 844 2972; x_wconf 86' lang='lat' dir='ltr'><strong>tempus</strong></span> <span class='ocrx_word' id='word_1_243' title='bbox 867 2910 898 2969; x_wconf 90' lang='lat' dir='ltr'><strong>q.</strong></span> <span class='ocrx_word' id='word_1_244' title='bbox 923 2889 1165 2970; x_wconf 86' lang='lat' dir='ltr'><strong>proeliarentur.</strong></span> <span class='ocrx_word' id='word_1_245' title='bbox 1212 2894 1252 2956; x_wconf 78' lang='lat'><strong>79</strong></span> 
     </span>
     <span class='ocr_line' id='line_1_27' title="bbox 105 2973 1250 3076; baseline 0.003 -24"><span class='ocrx_word' id='word_1_246' title='bbox 105 2990 186 3053; x_wconf 90' lang='lat' dir='ltr'><strong>nulli</strong></span> <span class='ocrx_word' id='word_1_247' title='bbox 215 2973 383 3054; x_wconf 66' lang='lat' dir='ltr'><strong>excedere*</strong></span> <span class='ocrx_word' id='word_1_248' title='bbox 397 2991 514 3054; x_wconf 82' lang='lat' dir='ltr'><strong>licebat</strong></span> <span class='ocrx_word' id='word_1_249' title='bbox 541 3014 571 3072; x_wconf 90' lang='lat' dir='ltr'><strong>q.</strong></span> <span class='ocrx_word' id='word_1_250' title='bbox 601 2989 810 3071; x_wconf 84' lang='lat' dir='ltr'><strong>exciperetur.</strong></span> <span class='ocrx_word' id='word_1_251' title='bbox 855 2990 885 3070; x_wconf 84' lang='lat'><strong>3,</strong></span> <span class='ocrx_word' id='word_1_252' title='bbox 908 2990 958 3052; x_wconf 77' lang='lat'><strong>47.</strong></span> <span class='ocrx_word' id='word_1_253' title='bbox 981 2992 1032 3054; x_wconf 80' lang='lat'><strong>58.</strong></span> <span class='ocrx_word' id='word_1_254' title='bbox 1078 2992 1169 3054; x_wconf 83' lang='lat' dir='ltr'><strong>Caes.</strong></span> <span class='ocrx_word' id='word_1_255' title='bbox 1199 3016 1250 3076; x_wconf 90' lang='lat' dir='ltr'><strong>ap.</strong></span> 
     </span>
     <span class='ocr_line' id='line_1_28' title="bbox 106 3091 1298 3174; baseline 0.001 -18"><span class='ocrx_word' id='word_1_256' title='bbox 106 3091 172 3156; x_wconf 83' lang='lat' dir='ltr'><strong>Oic.</strong></span> <span class='ocrx_word' id='word_1_257' title='bbox 197 3094 270 3169; x_wconf 80' lang='lat' dir='ltr'><strong>Att.</strong></span> <span class='ocrx_word' id='word_1_258' title='bbox 296 3092 326 3174; x_wconf 84' lang='lat'><strong>9,</strong></span> <span class='ocrx_word' id='word_1_259' title='bbox 350 3093 380 3172; x_wconf 83' lang='grc'><strong>6,</strong></span> <span class='ocrx_word' id='word_1_260' title='bbox 410 3095 440 3154; x_wconf 86' lang='grc' dir='ltr'>Α</span> <span class='ocrx_word' id='word_1_261' title='bbox 473 3092 645 3174; x_wconf 87' lang='lat' dir='ltr'><strong>praeterire</strong></span> <span class='ocrx_word' id='word_1_262' title='bbox 675 3095 782 3153; x_wconf 88' lang='lat' dir='ltr'><strong>tamen</strong></span> <span class='ocrx_word' id='word_1_263' title='bbox 816 3111 881 3153; x_wconf 91' lang='lat' dir='ltr'><strong>non</strong></span> <span class='ocrx_word' id='word_1_264' title='bbox 904 3092 992 3172; x_wconf 92' lang='lat' dir='ltr'><strong>potui</strong></span> <span class='ocrx_word' id='word_1_265' title='bbox 1015 3093 1091 3173; x_wconf 91' lang='lat' dir='ltr'><strong>quin</strong></span> <span class='ocrx_word' id='word_1_266' title='bbox 1119 3131 1153 3138; x_wconf 84' lang='lat'><em>—</em></span> <span class='ocrx_word' id='word_1_267' title='bbox 1178 3097 1253 3157; x_wconf 88' lang='lat' dir='ltr'><strong>sori·</strong></span> <span class='ocrx_word' id='word_1_268' title='bbox 1294 3104 1298 3112; x_wconf 70' lang='lat'>‘</span> 
     </span>
     <span class='ocr_line' id='line_1_29' title="bbox 106 3190 1253 3274; baseline 0.001 -17"><span class='ocrx_word' id='word_1_269' title='bbox 106 3195 225 3257; x_wconf 89' lang='lat' dir='ltr'><strong>berem.</strong></span> <span class='ocrx_word' id='word_1_270' title='bbox 271 3194 345 3274; x_wconf 75' lang='lat' dir='ltr'><strong>Vgl.</strong></span> <span class='ocrx_word' id='word_1_271' title='bbox 374 3195 457 3257; x_wconf 89' lang='lat' dir='ltr'><strong>oben</strong></span> <span class='ocrx_word' id='word_1_272' title='bbox 481 3192 538 3257; x_wconf 90' lang='lat' dir='ltr'><strong>Nr.</strong></span> <span class='ocrx_word' id='word_1_273' title='bbox 562 3193 589 3255; x_wconf 84' lang='lat' dir='ltr'><strong>b.</strong></span> <span class='ocrx_word' id='word_1_274' title='bbox 639 3190 728 3254; x_wconf 86' lang='lat' dir='ltr'><strong>Bell.</strong></span> <span class='ocrx_word' id='word_1_275' title='bbox 754 3191 853 3254; x_wconf 83' lang='lat' dir='ltr'><strong>Gall.</strong></span> <span class='ocrx_word' id='word_1_276' title='bbox 883 3192 913 3272; x_wconf 87' lang='lat'><strong>8,</strong></span> <span class='ocrx_word' id='word_1_277' title='bbox 942 3192 987 3271; x_wconf 89' lang='grc'><strong>19,</strong></span> <span class='ocrx_word' id='word_1_278' title='bbox 1012 3192 1031 3254; x_wconf 86' lang='grc'>8</span> <span class='ocrx_word' id='word_1_279' title='bbox 1062 3193 1149 3256; x_wconf 90' lang='lat' dir='ltr'><strong>nulla</strong></span> <span class='ocrx_word' id='word_1_280' title='bbox 1171 3196 1253 3258; x_wconf 85' lang='lat' dir='ltr'><strong>cala·</strong></span> 
     </span>
     <span class='ocr_line' id='line_1_30' title="bbox 106 3293 1251 3377; baseline 0 -18"><span class='ocrx_word' id='word_1_281' title='bbox 106 3297 217 3360; x_wconf 91' lang='lat' dir='ltr'><strong>mitate</strong></span> <span class='ocrx_word' id='word_1_282' title='bbox 239 3297 340 3360; x_wconf 86' lang='lat' dir='ltr'><strong>victus</strong></span> <span class='ocrx_word' id='word_1_283' title='bbox 370 3295 520 3358; x_wconf 82' lang='lat' dir='ltr'><strong>excedere</strong></span> <span class='ocrx_word' id='word_1_284' title='bbox 548 3293 669 3376; x_wconf 89' lang='lat' dir='ltr'><strong>proelio</strong></span> <span class='ocrx_word' id='word_1_285' title='bbox 697 3332 733 3339; x_wconf 74' lang='grc'>-</span> <span class='ocrx_word' id='word_1_286' title='bbox 759 3296 863 3376; x_wconf 90' lang='lat' dir='ltr'><strong>potuit</strong></span> <span class='ocrx_word' id='word_1_287' title='bbox 885 3293 998 3355; x_wconf 91' lang='lat' dir='ltr'><strong>adduci</strong></span> <span class='ocrx_word' id='word_1_288' title='bbox 1007 3344 1016 3376; x_wconf 84' lang='lat'><em>,</em></span> <span class='ocrx_word' id='word_1_289' title='bbox 1039 3296 1117 3374; x_wconf 82' lang='lat' dir='ltr'><strong>quio</strong></span> <span class='ocrx_word' id='word_1_290' title='bbox 1141 3298 1251 3377; x_wconf 85' lang='lat' dir='ltr'><strong>(,‚s0n-</strong></span> 
     </span>
     <span class='ocr_line' id='line_1_31' title="bbox 107 3395 783 3480; baseline -0.004 -19"><span class='ocrx_word' id='word_1_291' title='bbox 107 3397 222 3478; x_wconf 83' lang='lat' dir='ltr'><strong>dern“)</strong></span> <span class='ocrx_word' id='word_1_292' title='bbox 247 3401 384 3480; x_wconf 84' lang='lat' dir='ltr'><strong>cogeret.</strong></span> <span class='ocrx_word' id='word_1_293' title='bbox 431 3398 458 3473; x_wconf 80' lang='lat'><strong>8,</strong></span> <span class='ocrx_word' id='word_1_294' title='bbox 484 3397 591 3459; x_wconf 84' lang='grc'><strong>211011</strong></span> <span class='ocrx_word' id='word_1_295' title='bbox 617 3395 783 3459; x_wconf 86' lang='lat' dir='ltr'><strong>contineri.</strong></span> 
     </span>
    </p>
   </div>
   <div class='ocr_carea' id='block_1_3' title="bbox 66 3482 1301 3887">
    <p class='ocr_par' dir='ltr' id='par_1_5' title="bbox 66 3482 1301 3784">
     <span class='ocr_line' id='line_1_32' title="bbox 196 3482 1301 3582; baseline 0 -22"><span class='ocrx_word' id='word_1_296' title='bbox 196 3497 293 3566; x_wconf 86' lang='lat' dir='ltr'><strong>Bell.</strong></span> <span class='ocrx_word' id='word_1_297' title='bbox 323 3499 431 3561; x_wconf 84' lang='lat' dir='ltr'><strong>Alex.</strong></span> <span class='ocrx_word' id='word_1_298' title='bbox 461 3499 502 3560; x_wconf 90' lang='grc'><strong>22</strong></span> <span class='ocrx_word' id='word_1_299' title='bbox 531 3520 633 3580; x_wconf 91' lang='lat' dir='ltr'><strong>neque</strong></span> <span class='ocrx_word' id='word_1_300' title='bbox 664 3519 736 3560; x_wconf 90' lang='lat' dir='ltr'><strong>eum</strong></span> <span class='ocrx_word' id='word_1_301' title='bbox 765 3519 854 3559; x_wconf 87' lang='lat' dir='ltr'><strong>suum</strong></span> <span class='ocrx_word' id='word_1_302' title='bbox 884 3498 1050 3560; x_wconf 85' lang='lat' dir='ltr'><strong>consilium</strong></span> <span class='ocrx_word' id='word_1_303' title='bbox 1079 3497 1191 3577; x_wconf 67' lang='lat' dir='ltr'><strong>fefollit</strong></span> <span class='ocrx_word' id='word_1_304' title='bbox 1220 3522 1250 3582; x_wconf 92' lang='lat' dir='ltr'><strong>q.</strong></span> <span class='ocrx_word' id='word_1_305' title='bbox 1295 3482 1301 3495; x_wconf 41' lang='lat'>³</span> 
     </span>
     <span class='ocr_line' id='line_1_33' title="bbox 66 3594 1254 3682; baseline 0.001 -19"><span class='ocrx_word' id='word_1_306' title='bbox 66 3594 74 3611; x_wconf 84' lang='lat'>&#39;</span> <span class='ocrx_word' id='word_1_307' title='bbox 111 3601 221 3663; x_wconf 87' lang='lat' dir='ltr'><strong>hostes</strong></span> <span class='ocrx_word' id='word_1_308' title='bbox 245 3600 326 3663; x_wconf 87' lang='lat' dir='ltr'><strong>nihil</strong></span> <span class='ocrx_word' id='word_1_309' title='bbox 350 3602 411 3663; x_wconf 91' lang='lat' dir='ltr'><strong>iam</strong></span> <span class='ocrx_word' id='word_1_310' title='bbox 436 3599 474 3662; x_wconf 90' lang='lat' dir='ltr'><strong>de</strong></span> <span class='ocrx_word' id='word_1_311' title='bbox 497 3599 580 3662; x_wconf 91' lang='lat' dir='ltr'><strong>bello</strong></span> <span class='ocrx_word' id='word_1_312' title='bbox 595 3603 704 3662; x_wconf 85' lang='lat' dir='ltr'><strong>esseut</strong></span> <span class='ocrx_word' id='word_1_313' title='bbox 719 3599 902 3682; x_wconf 87' lang='lat' dir='ltr'><strong>cogitaturi.</strong></span> <span class='ocrx_word' id='word_1_314' title='bbox 919 3598 969 3661; x_wconf 87' lang='lat'><strong>44.</strong></span> <span class='ocrx_word' id='word_1_315' title='bbox 986 3600 1037 3662; x_wconf 76' lang='lat' dir='ltr'><strong>bi).</strong></span> <span class='ocrx_word' id='word_1_316' title='bbox 1067 3596 1129 3661; x_wconf 89' lang='lat' dir='ltr'><strong>Mit</strong></span> <span class='ocrx_word' id='word_1_317' title='bbox 1145 3602 1254 3681; x_wconf 89' lang='lat' dir='ltr'><strong>posi·</strong></span> 
     </span>
     <span class='ocr_line' id='line_1_34' title="bbox 107 3701 744 3784; baseline -0.002 -20"><span class='ocrx_word' id='word_1_318' title='bbox 107 3702 230 3765; x_wconf 91' lang='lat' dir='ltr'><strong>tivem</strong></span> <span class='ocrx_word' id='word_1_319' title='bbox 252 3701 446 3784; x_wconf 83' lang='lat' dir='ltr'><strong>Hauptsatz:</strong></span> <span class='ocrx_word' id='word_1_320' title='bbox 471 3702 488 3764; x_wconf 77' lang='lat'>7</span> <span class='ocrx_word' id='word_1_321' title='bbox 512 3703 634 3765; x_wconf 78' lang='lat' dir='ltr'><strong>morari</strong></span> <span class='ocrx_word' id='word_1_322' title='bbox 656 3703 744 3783; x_wconf 87' lang='lat' dir='ltr'><strong>quin.</strong></span> 
     </span>
    </p>

    <p class='ocr_par' dir='ltr' id='par_1_6' title="bbox 198 3801 1253 3887">
     <span class='ocr_line' id='line_1_35' title="bbox 198 3801 1253 3887; baseline 0.005 -23"><span class='ocrx_word' id='word_1_323' title='bbox 198 3801 293 3866; x_wconf 88' lang='lat' dir='ltr'><strong>Bell.</strong></span> <span class='ocrx_word' id='word_1_324' title='bbox 307 3803 360 3866; x_wconf 80' lang='lat' dir='ltr'><strong>Af</strong></span> <span class='ocrx_word' id='word_1_325' title='bbox 366 3825 389 3867; x_wconf 96' lang='lat' dir='ltr'><strong>r.</strong></span> <span class='ocrx_word' id='word_1_326' title='bbox 406 3804 442 3865; x_wconf 88' lang='grc'><strong>61</strong></span> <span class='ocrx_word' id='word_1_327' title='bbox 466 3803 550 3887; x_wconf 89' lang='lat' dir='ltr'><strong>quod</strong></span> <span class='ocrx_word' id='word_1_328' title='bbox 563 3802 697 3865; x_wconf 83' lang='lat' dir='ltr'><strong>forsitan</strong></span> <span class='ocrx_word' id='word_1_329' title='bbox 715 3806 790 3864; x_wconf 90' lang='lat' dir='ltr'><strong>ante</strong></span> <span class='ocrx_word' id='word_1_330' title='bbox 808 3804 838 3864; x_wconf 94' lang='lat' dir='ltr'><strong>id</strong></span> <span class='ocrx_word' id='word_1_331' title='bbox 860 3807 984 3884; x_wconf 85' lang='lat' dir='ltr'><strong>tempus</strong></span> <span class='ocrx_word' id='word_1_332' title='bbox 998 3803 1156 3867; x_wconf 89' lang='lat' dir='ltr'><strong>acciderat</strong></span> <span class='ocrx_word' id='word_1_333' title='bbox 1173 3828 1253 3869; x_wconf 88' lang='lat' dir='ltr'><strong>nun·</strong></span> 
     </span>
    </p>
   </div>
   <div class='ocr_carea' id='block_1_4' title="bbox 102 3903 1254 4294">
    <p class='ocr_par' dir='ltr' id='par_1_7' title="bbox 102 3903 1253 4092">
     <span class='ocr_line' id='line_1_36' title="bbox 108 3903 1253 3989; baseline 0.002 -22"><span class='ocrx_word' id='word_1_334' title='bbox 108 3927 205 3987; x_wconf 88' lang='lat' dir='ltr'><strong>quam</strong></span> <span class='ocrx_word' id='word_1_335' title='bbox 224 3906 300 3987; x_wconf 89' lang='lat' dir='ltr'><strong>quin</strong></span> <span class='ocrx_word' id='word_1_336' title='bbox 314 3905 436 3989; x_wconf 82' lang='lat' dir='ltr'><strong>(„ohue</strong></span> <span class='ocrx_word' id='word_1_337' title='bbox 457 3904 566 3987; x_wconf 60' lang='lat' dir='ltr'><strong>desse)</strong></span> <span class='ocrx_word' id='word_1_338' title='bbox 585 3905 797 3966; x_wconf 87' lang='lat' dir='ltr'><strong>dimicaretur.</strong></span> <span class='ocrx_word' id='word_1_339' title='bbox 823 3904 865 3966; x_wconf 82' lang='lat'><strong>84</strong></span> <span class='ocrx_word' id='word_1_340' title='bbox 883 3903 974 3966; x_wconf 89' lang='lat' dir='ltr'><strong>miles</strong></span> <span class='ocrx_word' id='word_1_341' title='bbox 997 3904 1047 3967; x_wconf 83' lang='lat' dir='ltr'><strong>liic</strong></span> <span class='ocrx_word' id='word_1_342' title='bbox 1065 3926 1131 3968; x_wconf 89' lang='lat' dir='ltr'><strong>uon</strong></span> <span class='ocrx_word' id='word_1_343' title='bbox 1148 3908 1253 3988; x_wconf 91' lang='lat' dir='ltr'><strong>potuit</strong></span> 
     </span>
     <span class='ocr_line' id='line_1_37' title="bbox 102 4005 1251 4092; baseline 0 -23"><span class='ocrx_word' id='word_1_344' title='bbox 102 4009 177 4089; x_wconf 82' lang='lat' dir='ltr'><strong>poli</strong></span> <span class='ocrx_word' id='word_1_345' title='bbox 192 4032 221 4089; x_wconf 90' lang='lat' dir='ltr'><strong>q.</strong></span> <span class='ocrx_word' id='word_1_346' title='bbox 230 4028 263 4070; x_wconf 88' lang='lat' dir='ltr'><strong>se</strong></span> <span class='ocrx_word' id='word_1_347' title='bbox 276 4012 432 4070; x_wconf 90' lang='lat' dir='ltr'><strong>armatum</strong></span> <span class='ocrx_word' id='word_1_348' title='bbox 446 4007 565 4069; x_wconf 87' lang='lat' dir='ltr'><strong>bestiae</strong></span> <span class='ocrx_word' id='word_1_349' title='bbox 579 4007 716 4069; x_wconf 91' lang='lat' dir='ltr'><strong>offerret.</strong></span> <span class='ocrx_word' id='word_1_350' title='bbox 730 4005 818 4087; x_wconf 86' lang='lat' dir='ltr'><strong>(Wie</strong></span> <span class='ocrx_word' id='word_1_351' title='bbox 832 4027 896 4067; x_wconf 88' lang='lat' dir='ltr'><strong>nou</strong></span> <span class='ocrx_word' id='word_1_352' title='bbox 912 4005 1051 4087; x_wconf 86' lang='lat' dir='ltr'><strong>retineri,</strong></span> <span class='ocrx_word' id='word_1_353' title='bbox 1068 4008 1251 4092; x_wconf 84' lang='lat' dir='ltr'><strong>contineri.)</strong></span> 
     </span>
    </p>

    <p class='ocr_par' dir='ltr' id='par_1_8' title="bbox 108 4106 1254 4294">
     <span class='ocr_line' id='line_1_38' title="bbox 197 4106 1253 4191; baseline 0 -20"><span class='ocrx_word' id='word_1_354' title='bbox 197 4112 262 4171; x_wconf 83' lang='lat' dir='ltr'><strong>Aua</strong></span> <span class='ocrx_word' id='word_1_355' title='bbox 291 4107 445 4171; x_wconf 85' lang='lat' dir='ltr'><strong>Sallust</strong></span> <span class='ocrx_word' id='word_1_356' title='bbox 471 4108 558 4171; x_wconf 89' lang='lat' dir='ltr'><strong>kann</strong></span> <span class='ocrx_word' id='word_1_357' title='bbox 587 4106 638 4170; x_wconf 90' lang='lat' dir='ltr'><strong>ich</strong></span> <span class='ocrx_word' id='word_1_358' title='bbox 668 4106 773 4170; x_wconf 79' lang='lat' dir='ltr'><strong>nichts</strong></span> <span class='ocrx_word' id='word_1_359' title='bbox 802 4106 960 4169; x_wconf 82' lang='lat' dir='ltr'><strong>aufiihren</strong></span> <span class='ocrx_word' id='word_1_360' title='bbox 990 4107 1037 4169; x_wconf 87' lang='lat' dir='ltr'><strong>als</strong></span> <span class='ocrx_word' id='word_1_361' title='bbox 1066 4106 1136 4171; x_wconf 81' lang='lat' dir='ltr'><strong>Cat.</strong></span> <span class='ocrx_word' id='word_1_362' title='bbox 1159 4110 1253 4191; x_wconf 82' lang='grc'>53,6</span> 
     </span>
     <span class='ocr_line' id='line_1_39' title="bbox 108 4208 1254 4294; baseline 0 -21"><span class='ocrx_word' id='word_1_363' title='bbox 108 4211 239 4275; x_wconf 88' lang='lat' dir='ltr'><strong>silentio</strong></span> <span class='ocrx_word' id='word_1_364' title='bbox 255 4211 429 4292; x_wconf 85' lang='lat' dir='ltr'><strong>praeterire</strong></span> <span class='ocrx_word' id='word_1_365' title='bbox 452 4231 517 4273; x_wconf 91' lang='lat' dir='ltr'><strong>non</strong></span> <span class='ocrx_word' id='word_1_366' title='bbox 538 4209 600 4272; x_wconf 85' lang='lat' dir='ltr'><strong>luit</strong></span> <span class='ocrx_word' id='word_1_367' title='bbox 615 4209 792 4286; x_wconf 87' lang='lat' dir='ltr'><strong>consilium,</strong></span> <span class='ocrx_word' id='word_1_368' title='bbox 815 4208 892 4291; x_wconf 89' lang='lat' dir='ltr'><strong>quin</strong></span> <span class='ocrx_word' id='word_1_369' title='bbox 908 4245 948 4254; x_wconf 96' lang='lat'>-</span> <span class='ocrx_word' id='word_1_370' title='bbox 965 4208 1130 4290; x_wconf 86' lang='lat' dir='ltr'><strong>aperirem.</strong></span> <span class='ocrx_word' id='word_1_371' title='bbox 1169 4209 1206 4274; x_wconf 86' lang='lat' dir='ltr'><strong>fr.</strong></span> <span class='ocrx_word' id='word_1_372' title='bbox 1222 4212 1254 4294; x_wconf 89' lang='lat'><strong>4,</strong></span> 
     </span>
    </p>
   </div>
   <div class='ocr_carea' id='block_1_5' title="bbox 108 4308 1256 4496">
    <p class='ocr_par' dir='ltr' id='par_1_9' title="bbox 108 4308 1256 4496">
     <span class='ocr_line' id='line_1_40' title="bbox 108 4308 1256 4394; baseline 0.002 -20"><span class='ocrx_word' id='word_1_373' title='bbox 108 4314 160 4391; x_wconf 86' lang='grc'><strong>21),</strong></span> <span class='ocrx_word' id='word_1_374' title='bbox 187 4313 224 4374; x_wconf 78' lang='grc'><strong>11</strong></span> <span class='ocrx_word' id='word_1_375' title='bbox 250 4310 305 4373; x_wconf 88' lang='lat' dir='ltr'><strong>Kr.</strong></span> <span class='ocrx_word' id='word_1_376' title='bbox 329 4333 393 4374; x_wconf 87' lang='lat' dir='ltr'><strong>nou</strong></span> <span class='ocrx_word' id='word_1_377' title='bbox 417 4312 548 4375; x_wconf 87' lang='lat' dir='ltr'><strong>obstant</strong></span> <span class='ocrx_word' id='word_1_378' title='bbox 569 4312 656 4394; x_wconf 88' lang='lat' dir='ltr'><strong>quin.</strong></span> <span class='ocrx_word' id='word_1_379' title='bbox 683 4312 723 4375; x_wconf 81' lang='lat' dir='ltr'><strong>fr.</strong></span> <span class='ocrx_word' id='word_1_380' title='bbox 747 4313 777 4392; x_wconf 79' lang='lat'><strong>3,</strong></span> <span class='ocrx_word' id='word_1_381' title='bbox 800 4313 839 4376; x_wconf 70' lang='lat'><strong>37</strong></span> <span class='ocrx_word' id='word_1_382' title='bbox 869 4308 953 4372; x_wconf 90' lang='lat' dir='ltr'><strong>baud</strong></span> <span class='ocrx_word' id='word_1_383' title='bbox 976 4309 1085 4373; x_wconf 88' lang='lat' dir='ltr'><strong>faciles</strong></span> <span class='ocrx_word' id='word_1_384' title='bbox 1107 4314 1183 4374; x_wconf 87' lang='lat' dir='ltr'><strong>sunt</strong></span> <span class='ocrx_word' id='word_1_385' title='bbox 1204 4312 1256 4376; x_wconf 91' lang='lat' dir='ltr'><strong>de-</strong></span> 
     </span>
     <span class='ocr_line' id='line_1_41' title="bbox 110 4411 1253 4496; baseline 0 -20"><span class='ocrx_word' id='word_1_386' title='bbox 110 4415 214 4496; x_wconf 82' lang='lat' dir='ltr'><strong>fensa,</strong></span> <span class='ocrx_word' id='word_1_387' title='bbox 243 4413 321 4494; x_wconf 88' lang='lat' dir='ltr'><strong>quin</strong></span> <span class='ocrx_word' id='word_1_388' title='bbox 343 4417 375 4474; x_wconf 89' lang='lat' dir='ltr'><strong>et</strong></span> <span class='ocrx_word' id='word_1_389' title='bbox 398 4413 627 4476; x_wconf 90' lang='lat' dir='ltr'><strong>comburantur</strong></span> <span class='ocrx_word' id='word_1_390' title='bbox 649 4414 822 4496; x_wconf 88' lang='lat' dir='ltr'><strong>proximae.</strong></span> <span class='ocrx_word' id='word_1_391' title='bbox 867 4411 942 4495; x_wconf 82' lang='lat' dir='ltr'><strong>Jug.</strong></span> <span class='ocrx_word' id='word_1_392' title='bbox 966 4411 1009 4472; x_wconf 79' lang='lat'><strong>40</strong></span> <span class='ocrx_word' id='word_1_393' title='bbox 1029 4414 1168 4475; x_wconf 75' lang='lat' dir='ltr'><strong>resistcre</strong></span> <span class='ocrx_word' id='word_1_394' title='bbox 1189 4435 1253 4476; x_wconf 91' lang='lat' dir='ltr'><strong>non</strong></span> 
     </span>
    </p>
   </div>
   <div class='ocr_carea' id='block_1_6' title="bbox 0 0 1526 5070">
    <p class='ocr_par' dir='ltr' id='par_1_10' title="bbox 0 0 1526 5070">
     <span class='ocr_line' id='line_1_42' title="bbox 0 0 1526 5070; baseline 0 0"><span class='ocrx_word' id='word_1_395' title='bbox 0 0 1526 5070; x_wconf 95' lang='lat' dir='ltr'><strong> </strong></span> 
     </span>
    </p>
   </div>
  </div>
 </body>
</html>
