3024 5070
547 372 582 378 -
630 331 774 395 723-

90 483 139 565 20,
166 485 203 547 16
230 480 398 547 Adiabena
425 502 564 565 quoque‚
594 483 629 545 ni
658 486 813 545 terrarum
841 466 958 547 macies
986 483 1233 565 despectaretur,

91 584 125 647 in
148 585 332 649 tributarios
357 585 575 648 concessisset

175 684 235 750 Die
264 685 409 749 wirhlieh
438 683 565 747 hierher
594 683 771 768 gehilrigen
795 683 915 749 Stellen
945 685 1052 749 finden
1082 684 1153 747 sich
1181 705 1232 746 ern

91 787 323 850 zahlreichsten
352 787 402 849 hei
425 784 539 849 Cicero
565 784 630 848 und
653 784 778 865 Livius,
808 806 863 848 eus
892 785 947 849 der
977 784 1231 849 rcrklessischen

91 888 160 952 Zeit
182 889 269 952 kann
293 888 344 951 ich
368 909 429 950 nur
451 885 531 951 Galo
553 889 618 951 und
641 886 763 950 Terenz
786 884 954 950 anffihren.
996 886 1039 950 Es
1063 888 1133 949 sind
1157 888 1233 950 aber

91 990 159 1054 drei
182 990 271 1052 reue
293 1011 331 1052 zu
354 988 615 1052 unterscheiden:

176 1115 206 1154 α.
231 1091 296 1154 Das
320 1089 448 1173 lmperf.
471 1089 558 1154 steht
586 1091 630 1152 im
652 1088 803 1172 Haupt·
834 1088 898 1152 und
921 1089 1169 1173 Nehensat23
1198 1109 1233 1154 so

91 1191 192 1256 sehon
216 1191 296 1255 Ter.
326 1191 387 1258 Ad.
414 1191 473 1254 105>
503 1213 577 1253 narn
601 1191 628 1253 si
652 1196 735 1253 esset
758 1192 840 1253 unde
863 1190 894 1252 id
917 1191 1022 1272 fieret,
1045 1192 1232 1254 luceremus.

92 1292 218 1357 Vorauf
237 1292 316 1376 geht
344 1291 501 1356 nbmlich:
530 1313 631 1375 neque
660 1312 719 1375 ego
747 1313 850 1374 neque
877 1300 912 1354 tu
941 1293 1082 1355 fecimus.
1106 1329 1147 1338 —
1170 1295 1233 1355 Am

89 1395 271 1478 hhufigsten
300 1394 351 1457 bei
380 1392 536 1457 Cicero:
570 1415 600 1476 p.
624 1392 751 1468 Quinct.
782 1393 866 1473 §78
895 1399 963 1456 tum
993 1393 1071 1456 mihi
1099 1391 1232 1461 Roscius

91 1497 209 1560 etalio
230 1496 332 1559 multa
356 1532 394 1541 -
419 1494 509 1577 dixit,
533 1505 568 1557 ut
590 1494 784 1576 mehercule,
813 1495 840 1556 si
863 1493 945 1557 nihil
969 1495 1103 1573 diceret,
1133 1495 1232 1558 tacito

90 1600 159 1682 ipso
182 1598 288 1661 officio
311 1600 344 1659 et
365 1596 485 1675 studio,
510 1597 591 1680 qnod
615 1595 754 1660 habehat
782 1617 860 1679 erga
889 1598 1102 1678 propinquum
1127 1617 1228 1673 suurn,

90 1701 233 1783 quemvis
263 1706 483 1762 commoveret.
529 1697 662 1762 Vernb
691 1696 775 1775 §89
809 1718 890 1780 quae
918 1699 945 1759 si
973 1698 1007 1759 iu
1038 1699 1233 1780 praedonum

90 1822 200 1885 pugna
222 1805 415 1875 versaretur,
446 1799 534 1863 urbis
561 1801 663 1863 instar
692 1796 810 1861 habere
840 1799 1007 1861 videretur.
1052 1820 1083 1881 p.
1109 1799 1231 1862 Cluent.

32 1959 37 1964 ,
90 1903 174 1982 §80
203 1906 237 1964 at
259 1906 328 1964 tum
351 1902 377 1964 si
401 1901 553 1978 dicerem,
583 1921 648 1963 non
679 1900 815 1962 audirer.
860 1921 891 1982 p:
915 1899 997 1965 Sest.
1027 1900 1110 1979 §63
1138 1909 1232 1983 etque

90 2003 160 2080 ille,
189 2003 285 2066 etiam
317 2003 344 2065 si
373 2002 435 2065 alia
462 2003 612 2085 quapiam
640 2003 672 2066 vi
701 2000 915 2084 expelleretur
942 2001 1006 2063 illis
1035 2004 1232 2084 temporibus

92 2143 128 2152 -
159 2108 331 2187 pateretur.
376 2102 506 2167 Etenim
535 2104 589 2188 qui
617 2103 778 2187 superiore
811 2123 897 2166 enno
925 2107 1038 2165 senatu
1067 2105 1230 2181 caruisset,

90 2227 153 2290 quo
176 2208 201 2269 si
226 2214 292 2268 tum
317 2207 449 2285 veniret,
473 2226 523 2268 me
544 2211 653 2269 tumen
677 2242 714 2252 -
739 2203 846 2267 videre
875 2209 983 2287 posset
1011 2210 1064 2267 ctt.
1090 2227 1118 2287 p.
1143 2204 1230 2269 Cael.

89 2310 140 2389 26,
163 2307 204 2370 62
232 2307 259 2370 si
288 2313 395 2370 esseut
423 2307 457 2368 iu
485 2305 643 2370 vestibulo
674 2305 875 2387 balnearum,
909 2327 974 2369 non
1008 2305 1145 2369 laterent
1174 2311 1230 2370 ctt.

91 2409 149 2493 (us
171 2407 256 2492 folgt
278 2407 416 2472 dieselhe
438 2406 665 2472 Constructiou
688 2407 770 2470 noch
793 2408 846 2471 ein
869 2406 959 2491 Mal.)
983 2429 1013 2489 p.
1038 2407 1108 2491 hig.
1132 2409 1162 2489 7,
1178 2408 1229 2472 21.

89 2510 172 2575 Phil.
196 2509 225 2591 8,
245 2511 276 2591 4,
294 2510 342 2573 14.
387 2508 595 2573 Simmtliche
618 2508 739 2572 Stellen
762 2508 835 2572 sind
857 2509 925 2572 also
948 2530 1004 2572 eus
1027 2510 1087 2571 den
1111 2508 1229 2573 [leden.

90 2650 131 2658 —
153 2610 269 2694 Spiiter
301 2611 344 2673 ist
370 2610 456 2674 diese
485 2610 714 2697 Construction
742 2610 815 2674 sehr
843 2610 959 2689 selten3
990 2610 1039 2673 bei
1068 2608 1231 2674 Tacitus

89 2716 123 2777 in
153 2735 237 2797 ganz
266 2712 415 2776 auderem
444 2710 560 2792 Sinne,
590 2711 729 2776 nimlieh
757 2715 900 2776 iterativ:
930 2713 962 2776 h.
986 2712 1015 2789 2,
1039 2711 1116 2775 62·
1136 2711 1232 2776 Danu

90 2818 165 2879 aber
195 2815 310 2879 wieder
339 2814 452 2897 Apul.
482 2822 558 2878 met.
587 2816 616 2895 7,
640 2815 682 2878 26
710 2815 859 2891 dicerem,
895 2815 921 2876 si
956 2812 1106 2896 loquendi
1139 2816 1231 2898 copia

90 2919 317 3000 suppeditaret.
352 2919 440 2979 Aur.
466 2916 567 2983 Viet.
591 2937 673 2979 ones.
697 2917 727 2996 8,
755 2920 779 2978 l.
815 2915 974 2997 Vopisc.
999 2913 1131 2978 Numer.
1155 2917 1186 2979 5.

175 3021 204 3099 β.
229 3017 296 3079 Dus
319 3014 448 3097 Imperi.
478 3038 540 3079 nur
565 3018 610 3079 im
632 3016 879 3097 Nebcusutz‚
911 3017 969 3078 wie
993 3016 1109 3079 bereits
1133 3016 1230 3081 Cato

89 3142 140 3203 ap.
164 3117 298 3193 Quintil.
324 3115 353 3191 9,
369 3116 399 3199 2,
415 3117 454 3178 21
484 3116 511 3179 si
534 3138 588 3179 vos
611 3118 645 3180 in
668 3138 705 3181 eo
728 3117 797 3181 loco
820 3117 931 3180 essetis
939 3164 948 3196 ,
972 3117 1048 3199 quid
1078 3117 1163 3180 uliud
1185 3117 1228 3181 fe·

90 3219 236 3285 cissetis‘l
282 3216 358 3280 Cic.
381 3238 411 3299 p.
436 3215 534 3279 Arch.
559 3219 589 3298 7,
615 3219 653 3281 16
681 3219 708 3282 si
736 3217 818 3280 nihil
840 3254 880 3264 -—
904 3218 1018 3280 litteris
1045 3218 1230 3282 adiuvaren-

90 3328 157 3402 tur,
185 3340 350 3403 nunquam
380 3340 413 3381 se
442 3320 481 3381 ad
510 3340 617 3382 earum
645 3319 783 3382 studium
812 3319 1032 3382 contulissent.
1076 3341 1107 3401 p.
1137 3321 1230 3383 domo

89 3428 110 3506 ᾖ
137 3424 196 3486 129
217 3421 301 3506 quod
324 3421 350 3484 si
372 3421 432 3484 tibi
454 3426 523 3484 tum
546 3420 654 3485 omnin
680 3422 712 3483 in
745 3427 885 3484 mentem
914 3421 1022 3485 venire
1050 3421 1231 3504 potuissent

90 3530 146 3589 eut
167 3526 195 3587 si
218 3531 290 3587 tuus
312 3523 450 3607 scriptor
478 3543 543 3586 non
571 3522 770 3606 syngraphas
793 3560 832 3569 —
856 3523 990 3605 feceret,
1013 3522 1067 3585 sed
1093 3561 1129 3569 -
1154 3525 1230 3587 scri·

91 3629 195 3704 heret,
225 3645 309 3687 esses
337 3627 444 3688 omnia
478 3630 673 3689 consecutus.
718 3623 810 3687 Eheu
841 3643 890 3688 so·
906 3627 966 3688 mit
995 3625 1230 3708 beginnendem

89 3727 354 3811 Plusquamperf„
378 3726 435 3789 auf
455 3725 590 3789 welches
615 3726 679 3787 vier
699 3725 892 3809 Inperfecta
912 3727 1037 3810 folgen:
1061 3727 1129 3789 har.
1147 3748 1228 3811 resp.

89 3830 176 3911 547.
201 3851 232 3911 p.
250 3827 360 3892 Plane.
384 3829 461 3910 §53
484 3849 586 3911 neque
609 3829 694 3889 enirn
717 3848 858 3909 unquam
880 3829 1014 3890 maiores
1036 3828 1139 3891 nostri
1156 3849 1227 3891 ccu-

89 3932 270 3996 stituissent
296 3969 342 4012 -,
366 3930 429 3992 nisi
451 3929 597 3992 viderent
619 3933 674 3992 ctt.
722 3927 812 3991 Brut.
836 3932 856 4009 ς
879 3929 941 3992 238
964 3930 991 3991 si
1014 3950 1078 3992 non
1102 3951 1228 3993 omnem

88 4071 130 4080 -
152 4036 322 4110 everteret,
345 4033 448 4095 maius
469 4052 586 4095 nomen
608 4031 731 4096 fuisset.
770 4033 790 4111 ξ
812 4031 855 4094 40
876 4051 980 4113 neque
1002 4031 1166 4094 tribuisset
1189 4070 1229 4078 —

89 4135 149 4199 nisi
173 4135 237 4196 iam
260 4137 328 4196 tum
352 4135 443 4196 esset.
473 4133 511 4196 de
533 4153 579 4198 or.
602 4133 623 4196 2
646 4133 730 4213 5¹93.
754 4133 816 4200 dir.
839 4134 859 4195 2
881 4133 958 4212 §22
980 4153 1021 4195 an
1037 4130 1097 4195 Cn.
1137 4131 1230 4195 Pom-

88 4236 195 4318 peium
218 4256 326 4299 censes
349 4235 542 4299 laetaturum
563 4234 672 4313 fuisse,
688 4236 715 4298 si
731 4236 827 4298 sciret
842 4256 876 4298 se
890 4233 1082 4297 trucidatum
1106 4226 1170 4297 iri?
1191 4236 1230 4299 de

89 4358 154 4400 sen.
180 4337 256 4417 §82
279 4357 373 4400 nemo
396 4357 534 4419 unquam
559 4336 638 4400 mihi
660 4335 865 4420 persuadebit
886 4337 1005 4399 multos
1027 4343 1229 4418 praestantes

87 4439 219 4503 viros-
234 4442 325 4502 tauta
339 4459 408 4502 esse
423 4443 568 4521 conatos,
584 4439 646 4520 nisi
662 4439 769 4502 auimo
785 4441 953 4501 cernerent
968 4439 1023 4499 ott.
1049 4435 1168 4522 baert,
1181 4441 1227 4504 13.

972 4543 1028 4592 46*
