2850 5062
518 355 749 416 ‘51:3—

34 515 76 570 et
113 507 366 590 exstinguimur.
411 505 501 580 Quod
539 507 666 588 quidem
696 503 869 569 Cleanthes
905 503 955 566 his
985 502 1079 566 etiam
1111 524 1204 585 argu·

38 610 178 672 mentis
202 609 312 686 docet,
335 608 524 691 quantavis
552 609 631 671 insit
651 608 765 670 caloris
787 607 821 669 in
845 606 933 669 omni
956 626 1097 688 corpore.
1142 604 1205 669 Da·

41 711 106 774 fiir
130 711 221 795 folgt
243 710 296 774 ein
318 709 574 774 Substantivsatz
596 710 656 772 mit
675 715 727 773 ut:
750 709 811 773 div.
838 712 869 790 1,
891 709 934 771 45
956 707 1047 771 bonis
1068 708 1204 771 nomini-

44 813 127 888 bus,
153 812 208 895 qui
232 811 355 875 hostias
377 811 539 894 ducerent,
562 810 773 894 eligebantur.
805 808 895 885 Quod
917 810 1001 872 idem
1023 810 1058 872 in
1080 808 1205 872 delectu

50 914 208 977 eonsules
237 914 422 990 observant,
452 917 488 975 ut
517 914 636 997 primus
664 914 756 977 miles
782 912 839 974 fiat
865 911 950 974 bono
978 912 1116 978 nomine.
1167 911 1206 973 de

51 1038 103 1082 or.
129 1015 167 1093 2,
196 1016 249 1093 10,
272 1015 323 1078 39.
368 1015 514 1079 Seltener
542 1016 633 1078 weist
660 1016 743 1096 quod
769 1035 828 1077 nur
850 1035 934 1095 ganz
957 1011 1129 1096 allgemeiu
1152 1013 1209 1075 auf

52 1120 120 1181 den
145 1116 255 1181 Inhalt
277 1117 332 1181 des
354 1117 469 1180 Textes
491 1117 622 1181 zurdck:
667 1115 757 1180 Verr.
780 1114 823 1196 ΙΙ,
850 1118 865 1178 1
889 1118 909 1194 ξ
934 1114 1005 1177 119.
1050 1119 1131 1178 orat.
1158 1115 1205 1196 16,

52 1221 109 1284 52.
156 1219 219 1283 div.
242 1220 273 1301 2,
295 1219 346 1296 41,
370 1219 420 1283 81,
861 1289 864 1293 ,

146 1320 246 1385 Auch
264 1321 313 1384 bei
337 1320 480 1385 Caesar
501 1320 585 1404 folgt
606 1326 642 1384 ut
663 1318 832 1383 erklarend
856 1318 915 1381 auf
935 1320 1032 1400 quod:
1064 1318 1095 1380 b.
1120 1339 1151 1401 g.
1175 1319 1204 1399 6,

55 1427 100 1486 24
125 1422 209 1511 quod
234 1426 325 1503 (was)
350 1425 416 1485 fere
438 1422 597 1505 plerisque
618 1421 748 1499 accidit,
772 1427 869 1484 ut-
893 1420 1076 1483 memoriam
1097 1422 1204 1483 remit·

59 1529 145 1592 tant.
193 1525 232 1587 15
254 1524 336 1607 quod
359 1523 426 1587 fere
448 1562 489 1570 —
512 1524 655 1588 accidere
677 1523 812 1604 solebat,
835 1523 882 1587 uti
905 1525 959 1586 ctt.

144 1626 282 1709 Nepos
304 1628 371 1691 Au
397 1626 451 1703 18,
475 1627 496 1689 5
518 1625 602 1708 quod
633 1626 685 1687 vix
715 1625 906 1688 credendum
935 1624 991 1700 sit,
1020 1627 1129 1686 tantas
1155 1646 1206 1687 res

58 1735 129 1793 tam
151 1728 292 1791 breviter
315 1727 455 1810 potuisse
477 1727 640 1791 declarari.

146 1830 282 1892 Livius
308 1828 365 1893 hat
391 1828 511 1893 sowohl
538 1835 574 1893 ut
599 1829 646 1892 als
675 1827 736 1892 den
759 1827 973 1891 Infinitivsatz
1001 1828 1084 1891 nach
1107 1829 1208 1909 quod:

57 1933 97 2016 6,
121 1932 177 2010 20,
208 1931 229 1992 2
257 1930 341 2012 quod
371 1931 410 1994 ad
440 1953 512 1995 eum
541 1930 624 1993 diem
654 1951 817 2013 nunquam
846 1951 904 1992 usu
933 1929 1086 2011 venisset,
1115 1935 1149 1993 ut
1175 1931 1208 1994 in

57 2040 153 2098 tanto
183 2031 367 2096 discrimine
394 2054 460 2095 non
489 2037 521 2096 et
549 2033 685 2115 proximi
715 2037 836 2096 vestem
865 2034 1035 2098 mutarent.
1086 2032 1143 2109 21,
1168 2033 1205 2094 61
1316 2098 1320 2105 ,

58 2136 80 2198 2
104 2135 189 2218 quod
218 2134 317 2197 ferme
344 2135 394 2216 fit,
423 2138 460 2199 ut
485 2135 642 2198 secundae
671 2155 722 2198 res
747 2134 980 2218 negligentiam
1004 2137 1120 2197 creent.
1155 2136 1206 2196 An

61 2237 180 2301 beiden
204 2235 327 2300 Stellen
354 2234 423 2301 halt
445 2235 674 2300 Weissenborn
705 2238 789 2317 quod
808 2234 862 2303 fiir
883 2235 1007 2314 causat,
1030 2257 1096 2299 was
1117 2236 1210 2298 nicht

59 2338 154 2402 recht
182 2342 280 2420 passt.
330 2336 392 2400 Mit
420 2337 564 2402 Unrecht
592 2336 648 2401 hat
675 2359 747 2401 man
778 2338 1003 2401 beanstandet:
1048 2339 1103 2414 27,
1132 2338 1209 2415 7,6

61 2439 149 2524 quod
186 2438 265 2502 mihi
302 2439 406 2502 minus
435 2440 539 2503 simile
568 2441 634 2503 veri
664 2441 765 2503 visum
799 2443 861 2521 est,
899 2462 1019 2503 annum
1049 2440 1208 2524 integrum
1258 2488 1263 2499 .

61 2542 248 2624 Scipionem
279 2541 361 2604 nihil
391 2542 534 2624 gerundo
571 2542 605 2604 in
635 2541 792 2624 Hispania
827 2542 1070 2622 consumpsisse.
1116 2542 1208 2605 Auch

62 2644 136 2707 hier
157 2644 201 2707 ist
222 2643 279 2707 der
301 2645 414 2706 Aecus.
439 2665 463 2707 c.
486 2643 544 2709 inf.
568 2642 746 2707 erhliirend.

151 2743 263 2807 Dahin
297 2744 413 2829 gehbrt
442 2767 508 2809 nun
545 2745 645 2808 auch·
665 2745 829 2828 dasjenige
858 2746 954 2827 quod,
984 2745 1121 2810 welches
1160 2747 1208 2810 bei

60 2846 221 2912 Dichtern
251 2845 357 2910 Verba
394 2846 448 2909 des
477 2846 604 2911 Bittens
642 2847 801 2926 sinleitet,
839 2847 935 2911 deren
974 2847 1081 2911 Inhalt
1117 2850 1203 2912 dana

61 2948 230 3014 erkliirend
258 2947 470 3032 hinzugeillgt
499 2949 586 3011 wird.
638 2948 699 3012 Die
725 2947 1031 3033 Zuriickbeziehnng
1064 2950 1119 3013 des
1147 2949 1206 3014 Re·

60 3053 159 3116 lativs
190 3050 248 3114 auf
275 3050 369 3112 einen
397 3049 678 3133 voraufgehenden
701 3049 878 3113 Gedanken
906 3050 949 3112 ist
979 3051 1069 3115 nicht
1098 3053 1211 3116 immer

61 3176 102 3217 zu
133 3152 307 3219 erhennen.
352 3149 443 3214 Auch
470 3152 541 3215 hier
567 3142 671 3236 gehen
700 3152 757 3215 wir
784 3174 846 3215 von
875 3151 930 3215 der
954 3152 1209 3215 demonstra-

62 3257 173 3319 tiven
195 3253 290 3317 Form
312 3275 383 3315 aus:
427 3251 553 3317 Plaut.
576 3258 659 3337 capt.
687 3255 749 3318 437
779 3256 830 3317 fac
857 3252 960 3316 fidelis
989 3254 1032 3316 sis
1060 3253 1145 3316 fideli
1170 3293 1205 3301 -

62 3357 237 3421 servatibi
260 3356 503 3437 inperpetuum
526 3356 661 3420 amicum
685 3377 735 3419 me
758 3394 808 3416 -.
853 3354 944 3418 Haeo
966 3375 1023 3437 per
1045 3355 1207 3418 dexteram

62 3464 151 3522 tuam
174 3462 207 3521 te
229 3458 374 3538 obsecro,
404 3457 562 3521 infidelior
584 3456 662 3521 mihi
686 3479 726 3521 ne
748 3456 819 3519 fuas
842 3479 938 3539 quam
962 3438 1021 3540 ego
1045 3478 1114 3519 sum
1139 3457 1208 3522 tibi.

63 3561 144 3624 Hier
171 3560 213 3623 ist
242 3561 296 3623 die'
316 3559 588 3642 Rfickbeziehung
616 3558 710 3623 nebst
736 3558 793 3622 der
819 3558 1003 3642 folgenden
1023 3557 1210 3641 Eperegese

65 3662 275 3746 augenfallig.
320 3662 424 3733 Dafitr
449 3662 522 3724 tritt
551 3661 637 3725 dann
660 3663 744 3743 quod
765 3661 816 3723 ein
839 3662 900 3723 seit
921 3660 1087 3723 Terenz:
1133 3659 1209 3723 Hoc.

65 3765 127 3828 337
158 3764 241 3827 male
273 3773 382 3829 metuo
415 3785 455 3827 ne
478 3762 685 3827 Philumenae
708 3763 812 3846 magis
835 3762 963 3825 morbus
991 3761 1209 3846 adgravescat.

66 3866 159 3942 Quod
191 3870 239 3943 te,
271 3866 457 3948 Aesculapi,
488 3869 521 3928 et
549 3869 596 3942 te,
637 3864 746 3946 Salus,
777 3886 817 3928 no
847 3863 922 3947 quid
952 3864 994 3926 sit
1025 3862 1116 3928 huius
1146 3887 1211 3928 oro.

64 3966 156 4031 Hor.
180 3988 229 4049 ep.
256 3970 283 4044 1,
308 3969 337 4048 1,
360 3968 401 4031 92
425 3967 478 4050 pol
501 3988 552 4029 me
574 3966 736 4046 miserum,
760 3970 904 4049 patrone,
928 3987 1067 4046 vocares,
1098 3967 1123 4029 si
1148 3968 1211 4030 vel·

64 4070 123 4147 les,
147 4069 260 4151 inquit,
285 4091 394 4132 verum
418 4068 496 4131 mihi
518 4089 637 4151 ponere
661 4089 787 4131 nomen.
832 4066 924 4142 Quod
948 4071 980 4130 te
1001 4090 1059 4150 per
1080 4070 1210 4151 genium

64 4210 104 4219 -
130 4171 261 4234 obsecro
283 4175 316 4234 et
337 4170 496 4234 obtestor:
531 4170 615 4234 vitae
638 4192 688 4234 me
710 4165 805 4233 r'edde
828 4169 935 4253 priori.
981 4169 1045 4232 Sil.
1074 4170 1125 4247 13,
1148 4172 1211 4234 463

62 4273 150 4357 quod
173 4283 206 4334 te
228 4293 286 4354 per
308 4271 408 4335 nostri
431 4271 544 4334 Martis
567 4294 680 4354 precor
702 4271 826 4335 aemula
855 4271 956 4333 facta:
989 4291 1061 4333 arce
1086 4309 1123 4318 -
1148 4294 1211 4336 me-

60 4374 235 4439 dicamina.
282 4372 512 4438 Undeutlicher
539 4374 582 4436 ist
611 4375 661 4437 die
685 4373 955 4454 Riiclrbeziehung
982 4372 1015 4434 in
1039 4372 1209 4457 folgenden

59 4476 206 4544 Stellen:
243 4474 326 4537 Ter.
351 4475 451 4539 Andr.
474 4474 537 4537 289
559 4476 642 4557 quod
666 4497 727 4559 ego
751 4498 807 4558 per
830 4474 912 4537 hanc
934 4478 967 4536 te
989 4472 1133 4537 denham
1157 4498 1212 4539 oro

956 4580 1011 4631 33*
