3000 5054
594 323 826 386 -781-

139 472 337 557 Participia).
374 498 406 558 p.
430 474 539 541 Plane.
563 475 641 555 §45
662 474 814 558 suffragia
836 474 1009 559 largitione
1031 475 1180 541 devincta
1203 477 1237 562 (i.
1254 500 1280 542 e.

139 576 222 659 quod
247 575 276 640 d.
300 576 404 661 erant)
427 576 632 640 severitatem
659 578 789 640 senatus
817 576 1007 642 excitarunt.
1053 579 1087 642 111
1111 577 1174 644 Pis.
1197 582 1217 660 ξ
1240 579 1282 644 85

139 677 307 748 dubitabat
333 699 427 741 nemo
455 677 533 760 quin
561 677 672 742 violati
706 677 862 762 hospites,
897 678 995 762 legati
1022 681 1141 758 necati,
1175 681 1281 764 pacati
1408 718 1413 726 ·

140 781 235 862 atque
264 780 342 844 socii
369 778 493 844 nefario
516 777 600 844 bello
621 779 777 861 lacessiti,
806 779 884 843 fana
910 783 1025 845 vexata
1052 766 1280 845 tranctantem

139 880 304 945 efficerent
318 882 512 946 vastitatem.
549 906 581 966 p.
598 881 695 947 Arch.
712 882 741 965 9,
764 881 801 944 21
825 880 975 967 depressa
996 881 1136 947 bostium
1160 884 1280 948 classis.

139 1003 170 1065 p.
192 981 262 1046 Mil.
278 984 308 1063 3,
331 984 351 1046 3
374 1004 445 1047 cum
468 987 506 1050 de
526 985 657 1049 homine
679 983 786 1048 occiso
808 987 988 1067 quaeratur.
1026 984 1111 1049 Phil.
1127 987 1157 1062 5,
1175 986 1194 1048 6
1210 991 1282 1068 post

140 1083 299 1147 civitatem
323 1106 342 1148 a
363 1084 398 1151 L.
421 1085 522 1151 Bruto
552 1087 730 1150 liberatam.
768 1085 797 1162 9,
819 1086 839 1149 3
862 1105 933 1148 cum
963 1089 1125 1150 auctorem
1154 1091 1282 1151 senatus

139 1185 332 1249 exstinctum
355 1186 437 1252 laete
459 1192 553 1272 atque
576 1187 752 1252 insolenter
773 1187 857 1250 tulit.
895 1188 1011 1272 11114,
1033 1188 1064 1266 2,
1087 1188 1107 1251 2
1123 1193 1197 1272 post
1211 1189 1281 1253 illas

138 1286 229 1350 datas
257 1287 389 1352 litteras.
439 1290 486 1373 10,
514 1291 546 1372 4,
574 1290 594 1354 6
622 1292 697 1373 post
723 1288 864 1353 Hirtium
893 1294 1098 1354 conventum.
1142 1289 1220 1357 fam.
1248 1292 1278 1372 4,

141 1388 189 1471 13,
213 1389 234 1451 2
256 1409 389 1472 quorum
419 1390 676 1456 benevolentiam
704 1391 796 1456 nobis
818 1390 1007 1455 conciliarat
1028 1413 1085 1475 per
1108 1414 1158 1456 me
1181 1413 1280 1476 quon·

137 1489 210 1554 dam
232 1495 265 1554 te
286 1492 372 1555 socio
393 1492 525 1557 defensa
546 1515 627 1577 resp.
644 1491 735 1557 'lusa
762 1494 777 1556 1
802 1496 822 1574 ἕ
842 1493 883 1557 27
907 1515 985 1577 quas
1007 1514 1067 1557 nec
1090 1497 1183 1557 tanta
1206 1517 1282 1558 cura

137 1592 311 1657 coluissent
342 1614 400 1657 nec
436 1594 571 1659 violatas
600 1595 703 1677 („ihre
731 1593 962 1679 Verletzung“)
997 1598 1063 1658 tam
1096 1595 1280 1676 inexpiabili

136 1693 291 1778 religione
313 1695 509 1778 sanxissent,
538 1696 601 1760 nisi
625 1700 681 1760 ctt.
724 1695 809 1759 Lael.
834 1700 855 1777 9
877 1696 919 1759 32
941 1695 1052 1760 eadem
1074 1701 1279 1762 commutata.

137 1792 247 1859 Selten
276 1795 319 1859 im
342 1796 527 1861 Genetiv:
560 1818 650 1880 prov.
681 1818 767 1861 cons.
791 1798 820 1875 2,
849 1799 869 1861 3
900 1818 977 1881 quas
1002 1834 1040 1845 —-
1063 1819 1122 1881 pro
1152 1819 1280 1863 eversae

136 1898 213 1980 reip.
239 1899 389 1981 praemiis
411 1901 648 1984 occupaverunt
663 1897 746 1983 („als
763 1897 854 1962 Lohn
870 1900 922 1962 1111
937 1898 987 1962 die
1002 1897 1279 1985 Vernichtung“).
1305 1908 1312 1918 '

137 2003 217 2063 orat.
238 2000 284 2080 10,
300 2000 342 2063 35
357 2001 393 2063 ut
408 1999 518 2064 iniusti
534 2001 642 2064 oneris
657 2000 799 2082 imposit'
815 2003 872 2065 tua
885 1999 981 2083 culpa
995 2002 1047 2084 sit,
1063 2023 1134 2065 mea
1150 2004 1279 2084 recepti.

136 2100 241 2165 Ilinen
264 2099 543 2186 Bedingungssatz
573 2102 701 2166 vertritt
729 2101 786 2165 das
812 2102 936 2185 passive
964 2101 1122 2186 Particip:
1153 2102 1280 2167 Ρ1111.2

137 2205 157 2282 ξ
185 2204 225 2268 37
253 2224 333 2285 quae
362 2202 454 2286 (vitu)
485 2225 537 2268 me
566 2225 700 2268 manens
727 2204 898 2268 conficeret
926 2204 1114 2288 angoribus,
1148 2204 1280 2269 dimissa

136 2303 290 2368 molestiis
319 2304 467 2369 omnibus
499 2306 650 2371 liberaret
683 2306 835 2390 („dessen
864 2304 1016 2370 Verlust“
1044 2304 1074 2368 d.
1105 2305 1136 2369 11.
1169 2328 1280 2371 wenn

136 2404 187 2468 ich
210 2427 243 2469 es
267 2406 394 2492 verlor).
438 2406 505 2471 Fur
527 2406 647 2473 unecht
669 2407 755 2471 halte
784 2406 835 2471 ich
858 2407 918 2469 mit
941 2405 1095 2470 Liibbert:
1128 2430 1161 2491 p.
1184 2407 1279 2472 domo

135 2506 166 2586 9,
189 2507 288 2571 24111
315 2508 561 2591 provincias-
584 2532 637 2574 eas
659 2510 729 2594 lege
752 2507 942 2593 Sempronia
970 2530 1027 2591 per
1053 2513 1200 2573 senatum
1228 2511 1279 2574 de·

136 2612 238 2672 cretas
272 2609 438 2674 rescidisti.
486 2610 701 2696 Dergleichen
735 2610 915 2689 Pridicate,
953 2611 1004 2673 die
1038 2610 1109 2675 eine
1143 2615 1278 2692 iussere,

134 2710 315 2794 physische·
327 2711 515 2797 Tharigkeit
536 2712 743 2793 ausdrticken,
766 2713 917 2777 kommen
938 2712 972 2775 in
988 2711 1091 2776 dieser
1106 2712 1278 2779 Construc-

134 2812 203 2876 tion
226 2813 318 2878 nicht
339 2837 405 2879 vor.
948 2866 951 2876 ·

219 2916 287 2979 Aus
303 2916 420 2980 Caesar
441 2917 546 2981 kenne
568 2917 619 2981 ich
644 2917 741 2982 keine
757 2917 869 2997 Stella,
893 2938 951 2980 aus
974 2914 1127 2981 Sallust
1141 2917 1210 2982 Cat.
1226 2919 1277 2996 48,

134 3014 218 3079 4ne
248 3037 321 3079 eum
343 3016 495 3082 Lentulus
524 3023 557 3081 et
579 3017 739 3103 Cethegus
767 3019 883 3103 aliique
912 3040 950 3081 ex
979 3018 1200 3082 coniuratione
1227 3019 1278 3082 de·

136 3115 285 3200 prehensi
312 3121 479 3182 terrerent.
523 3118 576 3200 43,
606 3120 626 3184 3
654 3120 741 3183 inter
770 3119 850 3194 haec
877 3121 990 3202 parata
1018 3121 1113 3201 atque
1140 3118 1277 3183 decreta.
1309 3182 1314 3191 ,

136 3217 193 3283 Bei
216 3239 294 3301 opus
315 3225 375 3285 est:
411 3220 438 3301 1,
461 3220 490 3282 6.
520 3219 571 3302 31,
595 3222 623 3285 7.
662 3222 713 3303 43,
737 3221 767 3284 3.
806 3221 910 3298 45,1.
947 3219 998 3297 46,
1022 3219 1051 3287 2,
1088 3220 1278 3303 20,10.-

134 3321 210 3405 lug.
235 3322 285 3400 21,
309 3322 328 3386 3
350 3326 426 3385 ante
448 3321 602 3405 proelium
626 3322 755 3386 factum.
800 3322 852 3404 55,
875 3321 895 3384 2
917 3320 958 3384 ob
980 3342 1017 3385 ea
1039 3321 1176 3385 feliciter
1197 3327 1277 3388 acta.

135 3424 185 3504 77,
218 3424 233 3486 1
262 3424 383 3507 pariter
416 3444 485 3487 cum
516 3426 610 3507 capta
637 3422 747 3487 Thala.
793 3423 843 3506 79,
872 3425 889 3486 7
920 3423 961 3486 ob
989 3444 1056 3487 rem
1084 3429 1277 3508 corruptam.

136 3525 205 3603 110,
227 3525 248 3588 2
270 3529 345 3589 ante
367 3529 408 3589 te.
421 3525 598 3610 cognitum.

80 3627 88 3642 “
221 3623 326 3689 Ueber
354 3625 491 3691 Livius
524 3626 630 3691 haben
660 3628 718 3690 wir
751 3626 940 3712 grtindliche
969 3624 1180 3712 Vorarbeiten
1216 3651 1277 3695 von

134 3726 276 3790 Lbbbert
304 3727 337 3790 in
366 3729 421 3792 der
449 3728 531 3793 oben
561 3732 748 3813 genannten
772 3727 1103 3793 Universitacsschrift
1124 3729 1190 3793 und
1214 3753 1277 3795 von

133 3827 170 3896 0.
195 3827 354 3913 Giitbliug
376 3830 419 3894 im
437 3830 547 3916 Progr.
570 3853 633 3895 von
649 3830 796 3914 Liegnitz
814 3832 905 3897 1872.
951 3830 1011 3896 Die
1033 3852 1144 3916 grosse
1159 3830 1277 3918 Menge

133 3931 189 3995 der
211 3929 334 3995 Stellen
364 3932 407 3995 ist
429 3955 490 3997 von
515 3933 656 3998 Lilbbert
678 3934 712 3997 in
735 3933 960 3998 verschiedene
982 3932 1197 4018 Kategorieen
1224 3957 1277 4019 ge·

133 4032 247 4096 bracht
260 4033 400 4097 worden.
438 4033 500 4099 Die
516 4035 697 4100 einfachste
718 4034 784 4100 und
807 4035 1018 4100 natdrlicbste
1033 4034 1059 4099 ll
1060 4056 1129 4098 orm
1152 4034 1279 4101 scheint

133 4134 306 4220 diejenige,
336 4157 385 4199 wo
408 4137 464 4201 das
486 4136 619 4221 Subject
640 4136 723 4202 auch
744 4139 843 4202 ohne
866 4138 1112 4222 hinzugetiigtes
1135 4136 1276 4222 Particip

133 4259 204 4300 zum
227 4238 396 4302 Ausdruck
420 4239 474 4303 des
498 4238 691 4304 Gedankens
714 4247 864 4326 geniigen
886 4239 1009 4303 wtirde:
1032 4238 1063 4321 2,
1086 4241 1117 4319 4,
1141 4239 1162 4301 4
1184 4239 1277 4305 datae

132 4337 274 4423 litterae,
297 4344 334 4405 ut
354 4341 473 4426 pignus
496 4339 569 4404 fidei
592 4345 713 4421 essent,
743 4342 950 4406 manifestum
973 4339 1100 4403 facinus
1121 4339 1275 4407 fecerunt.

132 4441 183 4523 27,
205 4442 257 4525 29,
278 4441 300 4504 4
322 4441 382 4542 hae
406 4443 530 4508 litterae
553 4445 704 4512 recitatae
732 4467 884 4532 magnum
913 4444 1033 4509 luctum
1058 4481 1095 4489 —
1120 4441 1274 4509 fecerunt.
