<?xml version="1.0" encoding="UTF-8"?>
<!DOCTYPE html PUBLIC "-//W3C//DTD XHTML 1.0 Transitional//EN"
    "http://www.w3.org/TR/xhtml1/DTD/xhtml1-transitional.dtd">
<html xmlns="http://www.w3.org/1999/xhtml" xml:lang="en" lang="en">
 <head>
  <title>
</title>
<meta http-equiv="Content-Type" content="text/html;charset=utf-8" />
  <meta name='ocr-system' content='tesseract 3.04.00' />
  <meta name='ocr-capabilities' content='ocr_page ocr_carea ocr_par ocr_line ocrx_word'/>
</head>
<body>
  <div class='ocr_page' id='page_1' title='image "./historischesynt02draegoog/historischesynt02draegoog_0501.png"; bbox 0 0 2858 5062; ppageno 0'>
   <div class='ocr_carea' id='block_1_1' title="bbox 453 311 678 372">
    <p class='ocr_par' dir='ltr' id='par_1_1' title="bbox 453 311 678 372">
     <span class='ocr_line' id='line_1_1' title="bbox 453 311 678 372; baseline 0 -1"><span class='ocrx_word' id='word_1_1' title='bbox 453 311 678 372; x_wconf 85' lang='grc'>-471-</span> 
     </span>
    </p>
   </div>
   <div class='ocr_carea' id='block_1_2' title="bbox 69 459 1127 1258">
    <p class='ocr_par' dir='ltr' id='par_1_2' title="bbox 69 459 1127 1258">
     <span class='ocr_line' id='line_1_2' title="bbox 69 459 1127 546; baseline 0.004 -24"><span class='ocrx_word' id='word_1_2' title='bbox 69 459 186 544; x_wconf 71' lang='lat' dir='ltr'>Haufig</span> <span class='ocrx_word' id='word_1_3' title='bbox 217 462 260 524; x_wconf 86' lang='lat' dir='ltr'>ist</span> <span class='ocrx_word' id='word_1_4' title='bbox 288 462 320 524; x_wconf 94' lang='lat' dir='ltr'>in</span> <span class='ocrx_word' id='word_1_5' title='bbox 344 461 475 525; x_wconf 87' lang='lat' dir='ltr'>solchen</span> <span class='ocrx_word' id='word_1_6' title='bbox 498 460 711 544; x_wconf 74' lang='lat' dir='ltr'>Fragesbtzen</span> <span class='ocrx_word' id='word_1_7' title='bbox 735 463 791 526; x_wconf 87' lang='lat' dir='ltr'>der</span> <span class='ocrx_word' id='word_1_8' title='bbox 813 463 1004 546; x_wconf 83' lang='lat' dir='ltr'>Conjunoliv</span> <span class='ocrx_word' id='word_1_9' title='bbox 1026 462 1127 527; x_wconf 84' lang='lat' dir='ltr'>sehon</span> 
     </span>
     <span class='ocr_line' id='line_1_3' title="bbox 69 561 1127 648; baseline 0.004 -23"><span class='ocrx_word' id='word_1_10' title='bbox 69 562 113 626; x_wconf 80' lang='lat' dir='ltr'>nb</span> <span class='ocrx_word' id='word_1_11' title='bbox 141 561 366 648; x_wconf 83' lang='lat' dir='ltr'>nothwendig‚</span> <span class='ocrx_word' id='word_1_12' title='bbox 400 564 471 627; x_wconf 88' lang='lat' dir='ltr'>weil</span> <span class='ocrx_word' id='word_1_13' title='bbox 504 586 538 627; x_wconf 89' lang='lat' dir='ltr'>er</span> <span class='ocrx_word' id='word_1_14' title='bbox 567 564 649 628; x_wconf 89' lang='lat' dir='ltr'>auch</span> <span class='ocrx_word' id='word_1_15' title='bbox 678 565 711 627; x_wconf 89' lang='lat' dir='ltr'>in</span> <span class='ocrx_word' id='word_1_16' title='bbox 745 564 921 629; x_wconf 73' lang='lat' dir='ltr'>director</span> <span class='ocrx_word' id='word_1_17' title='bbox 952 566 1053 648; x_wconf 72' lang='lat' dir='ltr'>llrage</span> <span class='ocrx_word' id='word_1_18' title='bbox 1081 567 1127 630; x_wconf 88' lang='lat' dir='ltr'>als</span> 
     </span>
     <span class='ocr_line' id='line_1_4' title="bbox 70 665 1123 749; baseline 0.005 -23"><span class='ocrx_word' id='word_1_19' title='bbox 70 715 75 726; x_wconf 93' lang='lat'>.</span> <span class='ocrx_word' id='word_1_20' title='bbox 119 665 319 749; x_wconf 82' lang='lat' dir='ltr'>potentialis,</span> <span class='ocrx_word' id='word_1_21' title='bbox 356 665 580 729; x_wconf 87' lang='lat' dir='ltr'>deliberativus</span> <span class='ocrx_word' id='word_1_22' title='bbox 622 666 698 730; x_wconf 88' lang='lat' dir='ltr'>oder</span> <span class='ocrx_word' id='word_1_23' title='bbox 737 667 969 731; x_wconf 83' lang='lat' dir='ltr'>condicionalis</span> <span class='ocrx_word' id='word_1_24' title='bbox 1013 667 1123 732; x_wconf 81' lang='lat' dir='ltr'>slehen</span> 
     </span>
     <span class='ocr_line' id='line_1_5' title="bbox 69 765 1125 853; baseline 0.002 -23"><span class='ocrx_word' id='word_1_25' title='bbox 69 770 114 843; x_wconf 83' lang='lat' dir='ltr'>te,</span> <span class='ocrx_word' id='word_1_26' title='bbox 142 789 167 829; x_wconf 85' lang='lat' dir='ltr'>z.</span> <span class='ocrx_word' id='word_1_27' title='bbox 198 765 233 829; x_wconf 91' lang='lat' dir='ltr'>B.</span> <span class='ocrx_word' id='word_1_28' title='bbox 267 766 315 830; x_wconf 92' lang='lat' dir='ltr'>Pl.</span> <span class='ocrx_word' id='word_1_29' title='bbox 346 767 427 830; x_wconf 79' lang='lat' dir='ltr'>llud.</span> <span class='ocrx_word' id='word_1_30' title='bbox 457 768 518 830; x_wconf 84' lang='grc'>917</span> <span class='ocrx_word' id='word_1_31' title='bbox 548 770 682 851; x_wconf 86' lang='lat' dir='ltr'>experiri</span> <span class='ocrx_word' id='word_1_32' title='bbox 717 770 871 852; x_wconf 83' lang='lat' dir='ltr'>expetivi,</span> <span class='ocrx_word' id='word_1_33' title='bbox 905 775 1125 853; x_wconf 78' lang='lat' dir='ltr'>paupertatem</span> 
     </span>
     <span class='ocr_line' id='line_1_6' title="bbox 69 868 1121 955; baseline 0.001 -23"><span class='ocrx_word' id='word_1_34' title='bbox 69 869 102 951; x_wconf 66' lang='lat' dir='ltr'>[ui</span> <span class='ocrx_word' id='word_1_35' title='bbox 123 907 165 916; x_wconf 93' lang='lat'><em>-</em></span> <span class='ocrx_word' id='word_1_36' title='bbox 187 868 366 933; x_wconf 76' lang='lat' dir='ltr'>tolerarem.</span> <span class='ocrx_word' id='word_1_37' title='bbox 411 868 504 953; x_wconf 81' lang='lat' dir='ltr'>Elpid.</span> <span class='ocrx_word' id='word_1_38' title='bbox 533 869 590 932; x_wconf 87' lang='grc'>156</span> <span class='ocrx_word' id='word_1_39' title='bbox 612 870 694 950; x_wconf 82' lang='lat' dir='ltr'>vide,</span> <span class='ocrx_word' id='word_1_40' title='bbox 718 871 793 954; x_wconf 86' lang='lat' dir='ltr'>quid</span> <span class='ocrx_word' id='word_1_41' title='bbox 817 892 903 955; x_wconf 85' lang='lat' dir='ltr'>agas.</span> <span class='ocrx_word' id='word_1_42' title='bbox 956 871 1050 935; x_wconf 85' lang='lat' dir='ltr'>Most.</span> <span class='ocrx_word' id='word_1_43' title='bbox 1063 872 1121 935; x_wconf 83' lang='lat'>381</span> 
     </span>
     <span class='ocr_line' id='line_1_7' title="bbox 70 969 1124 1055; baseline 0.002 -23"><span class='ocrx_word' id='word_1_44' title='bbox 70 991 115 1051; x_wconf 86' lang='lat' dir='ltr'>ro,</span> <span class='ocrx_word' id='word_1_45' title='bbox 148 970 223 1053; x_wconf 86' lang='lat' dir='ltr'>quid</span> <span class='ocrx_word' id='word_1_46' title='bbox 256 970 381 1036; x_wconf 84' lang='lat' dir='ltr'>faciam.</span> <span class='ocrx_word' id='word_1_47' title='bbox 432 969 526 1035; x_wconf 90' lang='lat' dir='ltr'>Mero.</span> <span class='ocrx_word' id='word_1_48' title='bbox 560 972 623 1034; x_wconf 82' lang='grc'>645</span> <span class='ocrx_word' id='word_1_49' title='bbox 660 993 754 1055; x_wconf 85' lang='lat' dir='ltr'>quam</span> <span class='ocrx_word' id='word_1_50' title='bbox 792 972 914 1054; x_wconf 87' lang='lat' dir='ltr'>capiam</span> <span class='ocrx_word' id='word_1_51' title='bbox 950 972 1124 1054; x_wconf 81' lang='lat' dir='ltr'>civitatem,</span> 
     </span>
     <span class='ocr_line' id='line_1_8' title="bbox 69 1071 1124 1157; baseline 0.003 -23"><span class='ocrx_word' id='word_1_52' title='bbox 69 1093 97 1135; x_wconf 73' lang='lat'>20.</span> <span class='ocrx_word' id='word_1_53' title='bbox 147 1071 265 1154; x_wconf 83' lang='lat' dir='ltr'>Amph.</span> <span class='ocrx_word' id='word_1_54' title='bbox 301 1072 364 1136; x_wconf 83' lang='grc'>914</span> <span class='ocrx_word' id='word_1_55' title='bbox 402 1072 600 1156; x_wconf 87' lang='lat' dir='ltr'>periclitatus</span> <span class='ocrx_word' id='word_1_56' title='bbox 634 1094 702 1136; x_wconf 93' lang='lat' dir='ltr'>sum</span> <span class='ocrx_word' id='word_1_57' title='bbox 737 1074 879 1136; x_wconf 91' lang='lat' dir='ltr'>animum</span> <span class='ocrx_word' id='word_1_58' title='bbox 911 1078 1017 1154; x_wconf 86' lang='lat' dir='ltr'>tuum,</span> <span class='ocrx_word' id='word_1_59' title='bbox 1048 1074 1124 1157; x_wconf 92' lang='lat' dir='ltr'>quid</span> 
     </span>
     <span class='ocr_line' id='line_1_9' title="bbox 69 1173 1122 1258; baseline 0.001 -21"><span class='ocrx_word' id='word_1_60' title='bbox 69 1195 109 1238; x_wconf 81' lang='lat' dir='ltr'>es.</span> <span class='ocrx_word' id='word_1_61' title='bbox 152 1173 248 1237; x_wconf 83' lang='lat' dir='ltr'>Enn.</span> <span class='ocrx_word' id='word_1_62' title='bbox 272 1174 322 1238; x_wconf 90' lang='lat' dir='ltr'>bei</span> <span class='ocrx_word' id='word_1_63' title='bbox 347 1174 470 1238; x_wconf 79' lang='lat' dir='ltr'>Vahlen</span> <span class='ocrx_word' id='word_1_64' title='bbox 495 1175 551 1250; x_wconf 85' lang='grc'>52,</span> <span class='ocrx_word' id='word_1_65' title='bbox 576 1176 637 1238; x_wconf 82' lang='grc'>347</span> <span class='ocrx_word' id='word_1_66' title='bbox 668 1179 874 1258; x_wconf 82' lang='lat' dir='ltr'>exspectans,</span> <span class='ocrx_word' id='word_1_67' title='bbox 905 1175 931 1237; x_wconf 90' lang='lat' dir='ltr'>si</span> <span class='ocrx_word' id='word_1_68' title='bbox 955 1181 1122 1257; x_wconf 86' lang='lat' dir='ltr'>mussaret,</span> 
     </span>
    </p>
   </div>
   <div class='ocr_carea' id='block_1_3' title="bbox 85 1275 1246 1373">
    <p class='ocr_par' dir='ltr' id='par_1_3' title="bbox 85 1275 1246 1373">
     <span class='ocr_line' id='line_1_10' title="bbox 85 1275 1246 1373; baseline 0.003 -35"><span class='ocrx_word' id='word_1_69' title='bbox 85 1276 216 1359; x_wconf 87' lang='lat' dir='ltr'>denique</span> <span class='ocrx_word' id='word_1_70' title='bbox 238 1298 338 1360; x_wconf 88' lang='lat' dir='ltr'>pausa</span> <span class='ocrx_word' id='word_1_71' title='bbox 361 1276 525 1359; x_wconf 80' lang='lat' dir='ltr'>pugnandi</span> <span class='ocrx_word' id='word_1_72' title='bbox 549 1276 649 1340; x_wconf 87' lang='lat' dir='ltr'>fieret.</span> <span class='ocrx_word' id='word_1_73' title='bbox 681 1275 767 1339; x_wconf 85' lang='lat' dir='ltr'>Ter.</span> <span class='ocrx_word' id='word_1_74' title='bbox 786 1275 885 1340; x_wconf 87' lang='lat' dir='ltr'>Andr.</span> <span class='ocrx_word' id='word_1_75' title='bbox 910 1278 981 1344; x_wconf 71' lang='lat' dir='ltr'>30r.</span> <span class='ocrx_word' id='word_1_76' title='bbox 1005 1276 1120 1346; x_wconf 87' lang='lat' dir='ltr'>Heaut.</span> <span class='ocrx_word' id='word_1_77' title='bbox 1244 1370 1246 1373; x_wconf 22' lang='grc' dir='ltr'>Ι</span> 
     </span>
    </p>
   </div>
   <div class='ocr_carea' id='block_1_4' title="bbox 81 1377 340 1442">
    <p class='ocr_par' dir='ltr' id='par_1_4' title="bbox 81 1377 340 1442">
     <span class='ocr_line' id='line_1_11' title="bbox 81 1377 340 1442; baseline 0.008 -3"><span class='ocrx_word' id='word_1_78' title='bbox 81 1378 138 1439; x_wconf 89' lang='grc'>492</span> <span class='ocrx_word' id='word_1_79' title='bbox 160 1378 225 1440; x_wconf 91' lang='lat' dir='ltr'>und</span> <span class='ocrx_word' id='word_1_80' title='bbox 249 1377 340 1442; x_wconf 76' lang='lat' dir='ltr'>diter.</span> 
     </span>
    </p>
   </div>
   <div class='ocr_carea' id='block_1_5' title="bbox 69 1476 1121 4509">
    <p class='ocr_par' dir='ltr' id='par_1_5' title="bbox 69 1476 1121 4509">
     <span class='ocr_line' id='line_1_12' title="bbox 72 1476 1121 1563; baseline 0.004 -22"><span class='ocrx_word' id='word_1_81' title='bbox 72 1478 92 1556; x_wconf 86' lang='lat' dir='ltr'>l)</span> <span class='ocrx_word' id='word_1_82' title='bbox 119 1476 435 1563; x_wconf 84' lang='lat' dir='ltr'>Uneigcntliche</span> <span class='ocrx_word' id='word_1_83' title='bbox 467 1479 670 1563; x_wconf 79' lang='lat' dir='ltr'>Frages&#39;atze‚</span> <span class='ocrx_word' id='word_1_84' title='bbox 694 1480 744 1543; x_wconf 88' lang='lat' dir='ltr'>die</span> <span class='ocrx_word' id='word_1_85' title='bbox 767 1480 860 1543; x_wconf 85' lang='lat' dir='ltr'>keine</span> <span class='ocrx_word' id='word_1_86' title='bbox 884 1482 1033 1544; x_wconf 83' lang='lat' dir='ltr'>Antwort</span> <span class='ocrx_word' id='word_1_87' title='bbox 1056 1504 1121 1546; x_wconf 89' lang='lat' dir='ltr'>ver·</span> 
     </span>
     <span class='ocr_line' id='line_1_13' title="bbox 69 1580 1120 1667; baseline 0.005 -25"><span class='ocrx_word' id='word_1_88' title='bbox 69 1602 112 1661; x_wconf 77' lang='lat' dir='ltr'>en,</span> <span class='ocrx_word' id='word_1_89' title='bbox 146 1581 287 1645; x_wconf 79' lang='lat' dir='ltr'>drdclren</span> <span class='ocrx_word' id='word_1_90' title='bbox 322 1580 384 1645; x_wconf 88' lang='lat' dir='ltr'>den</span> <span class='ocrx_word' id='word_1_91' title='bbox 419 1580 527 1645; x_wconf 89' lang='lat' dir='ltr'>lnhalt</span> <span class='ocrx_word' id='word_1_92' title='bbox 559 1582 646 1645; x_wconf 91' lang='lat' dir='ltr'>eines</span> <span class='ocrx_word' id='word_1_93' title='bbox 680 1581 838 1644; x_wconf 88' lang='lat' dir='ltr'>Verbums</span> <span class='ocrx_word' id='word_1_94' title='bbox 869 1580 925 1644; x_wconf 87' lang='lat' dir='ltr'>der</span> <span class='ocrx_word' id='word_1_95' title='bbox 960 1584 1120 1667; x_wconf 81' lang='lat' dir='ltr'>geistigen</span> 
     </span>
     <span class='ocr_line' id='line_1_14' title="bbox 71 1681 1119 1767; baseline 0.006 -24"><span class='ocrx_word' id='word_1_96' title='bbox 71 1681 164 1765; x_wconf 82' lang='lat' dir='ltr'>igkeit</span> <span class='ocrx_word' id='word_1_97' title='bbox 185 1682 233 1745; x_wconf 88' lang='lat' dir='ltr'>als</span> <span class='ocrx_word' id='word_1_98' title='bbox 255 1682 511 1747; x_wconf 85' lang='lat' dir='ltr'>aweifelhaft·</span> <span class='ocrx_word' id='word_1_99' title='bbox 533 1704 600 1764; x_wconf 83' lang='lat' dir='ltr'>aus,</span> <span class='ocrx_word' id='word_1_100' title='bbox 623 1683 734 1747; x_wconf 88' lang='lat' dir='ltr'>slehen</span> <span class='ocrx_word' id='word_1_101' title='bbox 758 1682 856 1747; x_wconf 88' lang='lat' dir='ltr'>daher</span> <span class='ocrx_word' id='word_1_102' title='bbox 878 1684 1056 1767; x_wconf 80' lang='lat' dir='ltr'>regelreoht</span> <span class='ocrx_word' id='word_1_103' title='bbox 1077 1687 1119 1749; x_wconf 92' lang='lat' dir='ltr'>im</span> 
     </span>
     <span class='ocr_line' id='line_1_15' title="bbox 69 1783 1121 1869; baseline 0.002 -21"><span class='ocrx_word' id='word_1_104' title='bbox 69 1785 231 1865; x_wconf 71' lang='lat' dir='ltr'>junctis.</span> <span class='ocrx_word' id='word_1_105' title='bbox 286 1784 352 1848; x_wconf 88' lang='lat' dir='ltr'>Der</span> <span class='ocrx_word' id='word_1_106' title='bbox 387 1783 565 1868; x_wconf 83' lang='lat' dir='ltr'>Hauplsatz</span> <span class='ocrx_word' id='word_1_107' title='bbox 601 1784 644 1847; x_wconf 85' lang='lat' dir='ltr'>ist</span> <span class='ocrx_word' id='word_1_108' title='bbox 680 1784 841 1848; x_wconf 86' lang='lat' dir='ltr'>eutwedcr</span> <span class='ocrx_word' id='word_1_109' title='bbox 876 1786 1005 1869; x_wconf 75' lang='lat' dir='ltr'>negatis</span> <span class='ocrx_word' id='word_1_110' title='bbox 1044 1786 1121 1850; x_wconf 91' lang='lat' dir='ltr'>oder</span> 
     </span>
     <span class='ocr_line' id='line_1_16' title="bbox 69 1907 103 1951; baseline 0.088 -4"><span class='ocrx_word' id='word_1_111' title='bbox 69 1907 103 1951; x_wconf 83' lang='lat' dir='ltr'>u.</span> 
     </span>
     <span class='ocr_line' id='line_1_17' title="bbox 70 1986 1119 2073; baseline 0.006 -24"><span class='ocrx_word' id='word_1_112' title='bbox 70 2009 95 2049; x_wconf 82' lang='grc' dir='ltr'>α.</span> <span class='ocrx_word' id='word_1_113' title='bbox 115 1986 143 2051; x_wconf 89' lang='lat' dir='ltr'>N</span> <span class='ocrx_word' id='word_1_114' title='bbox 152 1988 307 2071; x_wconf 84' lang='lat' dir='ltr'>egativ:</span> <span class='ocrx_word' id='word_1_115' title='bbox 352 1988 404 2051; x_wconf 91' lang='lat' dir='ltr'>Pl.</span> <span class='ocrx_word' id='word_1_116' title='bbox 430 1987 548 2052; x_wconf 81' lang='lat' dir='ltr'>Bacch.</span> <span class='ocrx_word' id='word_1_117' title='bbox 573 1989 634 2052; x_wconf 77' lang='grc'>722</span> <span class='ocrx_word' id='word_1_118' title='bbox 656 1989 778 2068; x_wconf 82' lang='lat' dir='ltr'>nescis,</span> <span class='ocrx_word' id='word_1_119' title='bbox 802 1989 876 2071; x_wconf 85' lang='lat' dir='ltr'>quid</span> <span class='ocrx_word' id='word_1_120' title='bbox 905 2011 966 2073; x_wconf 88' lang='lat' dir='ltr'>ego</span> <span class='ocrx_word' id='word_1_121' title='bbox 989 1996 1119 2056; x_wconf 86' lang='lat' dir='ltr'>acturus</span> 
     </span>
     <span class='ocr_line' id='line_1_18' title="bbox 98 2087 1118 2177; baseline 0.005 -25"><span class='ocrx_word' id='word_1_122' title='bbox 98 2087 176 2157; x_wconf 84' lang='lat' dir='ltr'>Rud.</span> <span class='ocrx_word' id='word_1_123' title='bbox 199 2088 263 2153; x_wconf 84' lang='lat'>385</span> <span class='ocrx_word' id='word_1_124' title='bbox 292 2094 412 2165; x_wconf 82' lang='lat' dir='ltr'>custos,</span> <span class='ocrx_word' id='word_1_125' title='bbox 444 2091 498 2172; x_wconf 91' lang='lat' dir='ltr'>qui</span> <span class='ocrx_word' id='word_1_126' title='bbox 525 2089 579 2153; x_wconf 85' lang='lat' dir='ltr'>fur</span> <span class='ocrx_word' id='word_1_127' title='bbox 600 2090 657 2166; x_wconf 84' lang='lat' dir='ltr'>sit,</span> <span class='ocrx_word' id='word_1_128' title='bbox 682 2090 794 2154; x_wconf 88' lang='lat' dir='ltr'>nescit.</span> <span class='ocrx_word' id='word_1_129' title='bbox 841 2090 934 2154; x_wconf 84' lang='lat' dir='ltr'>Most.</span> <span class='ocrx_word' id='word_1_130' title='bbox 958 2091 1020 2155; x_wconf 81' lang='grc'>278</span> <span class='ocrx_word' id='word_1_131' title='bbox 1042 2093 1118 2177; x_wconf 91' lang='lat' dir='ltr'>quid</span> 
     </span>
     <span class='ocr_line' id='line_1_19' title="bbox 69 2189 1118 2276; baseline 0.01 -25"><span class='ocrx_word' id='word_1_132' title='bbox 69 2195 100 2257; x_wconf 84' lang='lat' dir='ltr'>rl.</span> <span class='ocrx_word' id='word_1_133' title='bbox 120 2191 253 2255; x_wconf 78' lang='lat' dir='ltr'>nesciae.</span> <span class='ocrx_word' id='word_1_134' title='bbox 289 2189 405 2255; x_wconf 84' lang='lat' dir='ltr'>Bacch.</span> <span class='ocrx_word' id='word_1_135' title='bbox 421 2192 502 2256; x_wconf 87' lang='grc'><strong>1133</strong></span> <span class='ocrx_word' id='word_1_136' title='bbox 524 2192 663 2267; x_wconf 89' lang='lat' dir='ltr'>hauscio,</span> <span class='ocrx_word' id='word_1_137' title='bbox 688 2192 762 2275; x_wconf 92' lang='lat' dir='ltr'>quid</span> <span class='ocrx_word' id='word_1_138' title='bbox 786 2214 824 2256; x_wconf 88' lang='lat' dir='ltr'>eo</span> <span class='ocrx_word' id='word_1_139' title='bbox 847 2214 927 2276; x_wconf 91' lang='lat' dir='ltr'>opus</span> <span class='ocrx_word' id='word_1_140' title='bbox 943 2193 994 2260; x_wconf 83' lang='lat' dir='ltr'>sit.</span> <span class='ocrx_word' id='word_1_141' title='bbox 1018 2192 1118 2263; x_wconf 88' lang='lat' dir='ltr'>Stich.</span> 
     </span>
     <span class='ocr_line' id='line_1_20' title="bbox 74 2284 1118 2374; baseline 0.006 -20"><span class='ocrx_word' id='word_1_142' title='bbox 74 2292 141 2374; x_wconf 91' lang='lat' dir='ltr'>quid</span> <span class='ocrx_word' id='word_1_143' title='bbox 170 2292 228 2369; x_wconf 83' lang='lat' dir='ltr'>sit,</span> <span class='ocrx_word' id='word_1_144' title='bbox 257 2291 302 2354; x_wconf 92' lang='lat' dir='ltr'>nil</span> <span class='ocrx_word' id='word_1_145' title='bbox 337 2293 432 2356; x_wconf 85' lang='lat' dir='ltr'>etiam</span> <span class='ocrx_word' id='word_1_146' title='bbox 466 2293 542 2357; x_wconf 89' lang='lat' dir='ltr'>scio.</span> <span class='ocrx_word' id='word_1_147' title='bbox 587 2293 676 2357; x_wconf 80' lang='lat' dir='ltr'>Asin.</span> <span class='ocrx_word' id='word_1_148' title='bbox 700 2293 763 2356; x_wconf 83' lang='grc'>465</span> <span class='ocrx_word' id='word_1_149' title='bbox 793 2294 849 2370; x_wconf 88' lang='lat' dir='ltr'>sit,</span> <span class='ocrx_word' id='word_1_150' title='bbox 873 2284 938 2357; x_wconf 77' lang='lat' dir='ltr'>n&#39;on</span> <span class='ocrx_word' id='word_1_151' title='bbox 972 2295 1028 2374; x_wconf 87' lang='lat' dir='ltr'>sit,</span> <span class='ocrx_word' id='word_1_152' title='bbox 1052 2295 1118 2360; x_wconf 84' lang='lat' dir='ltr'>nou</span> 
     </span>
     <span class='ocr_line' id='line_1_21' title="bbox 69 2392 1117 2477; baseline 0.005 -21"><span class='ocrx_word' id='word_1_153' title='bbox 69 2392 91 2456; x_wconf 89' lang='lat' dir='ltr'>ol</span> <span class='ocrx_word' id='word_1_154' title='bbox 121 2394 197 2457; x_wconf 89' lang='lat' dir='ltr'>scio.</span> <span class='ocrx_word' id='word_1_155' title='bbox 251 2393 317 2456; x_wconf 90' lang='lat' dir='ltr'>mil.</span> <span class='ocrx_word' id='word_1_156' title='bbox 350 2394 414 2457; x_wconf 82' lang='grc'>432</span> <span class='ocrx_word' id='word_1_157' title='bbox 443 2415 546 2477; x_wconf 90' lang='lat' dir='ltr'>neque</span> <span class='ocrx_word' id='word_1_158' title='bbox 576 2416 645 2471; x_wconf 85' lang='lat' dir='ltr'>vos,</span> <span class='ocrx_word' id='word_1_159' title='bbox 676 2394 729 2477; x_wconf 90' lang='lat' dir='ltr'>qui</span> <span class='ocrx_word' id='word_1_160' title='bbox 759 2394 828 2458; x_wconf 86' lang='lat' dir='ltr'>sitis</span> <span class='ocrx_word' id='word_1_161' title='bbox 860 2396 1009 2471; x_wconf 68' lang='lat' dir='ltr'>homines</span> <span class='ocrx_word' id='word_1_162' title='bbox 1041 2398 1117 2461; x_wconf 86' lang='lat' dir='ltr'>novi</span> 
     </span>
     <span class='ocr_line' id='line_1_22' title="bbox 70 2495 1115 2581; baseline 0.006 -25"><span class='ocrx_word' id='word_1_163' title='bbox 70 2514 82 2556; x_wconf 87' lang='lat' dir='ltr'>e</span> <span class='ocrx_word' id='word_1_164' title='bbox 114 2496 188 2559; x_wconf 90' lang='lat' dir='ltr'>scio.</span> <span class='ocrx_word' id='word_1_165' title='bbox 239 2495 319 2563; x_wconf 83' lang='lat' dir='ltr'>Ter.</span> <span class='ocrx_word' id='word_1_166' title='bbox 351 2497 434 2565; x_wconf 65' lang='lat' dir='ltr'>lilim.</span> <span class='ocrx_word' id='word_1_167' title='bbox 473 2495 535 2559; x_wconf 86' lang='grc'>966</span> <span class='ocrx_word' id='word_1_168' title='bbox 567 2497 686 2577; x_wconf 78' lang='lat' dir='ltr'>nescia,</span> <span class='ocrx_word' id='word_1_169' title='bbox 724 2496 799 2579; x_wconf 89' lang='lat' dir='ltr'>quid</span> <span class='ocrx_word' id='word_1_170' title='bbox 837 2496 915 2559; x_wconf 89' lang='lat' dir='ltr'>mihi</span> <span class='ocrx_word' id='word_1_171' title='bbox 953 2496 1115 2581; x_wconf 79' lang='lat' dir='ltr'>obtigerit.</span> 
     </span>
     <span class='ocr_line' id='line_1_23' title="bbox 69 2596 1116 2682; baseline 0.005 -25"><span class='ocrx_word' id='word_1_172' title='bbox 69 2600 94 2658; x_wconf 78' lang='lat' dir='ltr'>u.</span> <span class='ocrx_word' id='word_1_173' title='bbox 126 2597 187 2661; x_wconf 88' lang='grc'>999</span> <span class='ocrx_word' id='word_1_174' title='bbox 219 2597 366 2676; x_wconf 83' lang='lat' dir='ltr'>hauscio,</span> <span class='ocrx_word' id='word_1_175' title='bbox 400 2619 484 2661; x_wconf 89' lang='lat' dir='ltr'>anne</span> <span class='ocrx_word' id='word_1_176' title='bbox 517 2618 645 2660; x_wconf 87' lang='lat' dir='ltr'>uxorem</span> <span class='ocrx_word' id='word_1_177' title='bbox 679 2597 781 2661; x_wconf 88' lang='lat' dir='ltr'>ducat.</span> <span class='ocrx_word' id='word_1_178' title='bbox 836 2596 912 2661; x_wconf 89' lang='lat' dir='ltr'>Hec.</span> <span class='ocrx_word' id='word_1_179' title='bbox 951 2597 1009 2661; x_wconf 87' lang='grc'>192</span> <span class='ocrx_word' id='word_1_180' title='bbox 1042 2600 1116 2682; x_wconf 91' lang='lat' dir='ltr'>quid</span> 
     </span>
     <span class='ocr_line' id='line_1_24' title="bbox 71 2699 1116 2785; baseline 0.004 -24"><span class='ocrx_word' id='word_1_181' title='bbox 71 2702 101 2761; x_wconf 87' lang='lat' dir='ltr'>nt</span> <span class='ocrx_word' id='word_1_182' title='bbox 135 2700 220 2763; x_wconf 84' lang='lat' dir='ltr'>inter</span> <span class='ocrx_word' id='word_1_183' title='bbox 256 2721 305 2778; x_wconf 89' lang='lat' dir='ltr'>se,</span> <span class='ocrx_word' id='word_1_184' title='bbox 342 2699 481 2763; x_wconf 91' lang='lat' dir='ltr'>nondum</span> <span class='ocrx_word' id='word_1_185' title='bbox 517 2699 611 2762; x_wconf 87' lang='lat' dir='ltr'>etiam</span> <span class='ocrx_word' id='word_1_186' title='bbox 642 2699 716 2762; x_wconf 84' lang='lat' dir='ltr'>scio.</span> <span class='ocrx_word' id='word_1_187' title='bbox 762 2699 887 2762; x_wconf 90' lang='lat' dir='ltr'>Phorm.</span> <span class='ocrx_word' id='word_1_188' title='bbox 917 2700 980 2763; x_wconf 87' lang='grc'>355</span> <span class='ocrx_word' id='word_1_189' title='bbox 1014 2723 1116 2785; x_wconf 85' lang='lat' dir='ltr'>ueque</span> 
     </span>
     <span class='ocr_line' id='line_1_25' title="bbox 73 2800 1116 2883; baseline 0.005 -21"><span class='ocrx_word' id='word_1_190' title='bbox 73 2806 186 2882; x_wconf 86' lang='lat' dir='ltr'>patrem</span> <span class='ocrx_word' id='word_1_191' title='bbox 211 2822 246 2864; x_wconf 88' lang='lat' dir='ltr'>se</span> <span class='ocrx_word' id='word_1_192' title='bbox 274 2801 370 2881; x_wconf 84' lang='lat' dir='ltr'>scire,</span> <span class='ocrx_word' id='word_1_193' title='bbox 399 2802 453 2883; x_wconf 90' lang='lat' dir='ltr'>qui</span> <span class='ocrx_word' id='word_1_194' title='bbox 481 2800 601 2864; x_wconf 84' lang='lat' dir='ltr'>fuerit?</span> <span class='ocrx_word' id='word_1_195' title='bbox 644 2800 745 2864; x_wconf 81' lang='lat' dir='ltr'>Andr.</span> <span class='ocrx_word' id='word_1_196' title='bbox 775 2801 837 2865; x_wconf 83' lang='lat'>503</span> <span class='ocrx_word' id='word_1_197' title='bbox 865 2822 931 2864; x_wconf 93' lang='lat' dir='ltr'>non</span> <span class='ocrx_word' id='word_1_198' title='bbox 960 2802 1038 2866; x_wconf 87' lang='lat' dir='ltr'>satis</span> <span class='ocrx_word' id='word_1_199' title='bbox 1066 2826 1116 2867; x_wconf 92' lang='lat' dir='ltr'>me</span> 
     </span>
     <span class='ocr_line' id='line_1_26' title="bbox 69 2901 1115 2987; baseline 0.006 -25"><span class='ocrx_word' id='word_1_200' title='bbox 69 2901 116 2964; x_wconf 85' lang='lat' dir='ltr'>osli</span> <span class='ocrx_word' id='word_1_201' title='bbox 148 2902 262 2983; x_wconf 85' lang='lat' dir='ltr'>etiam,</span> <span class='ocrx_word' id='word_1_202' title='bbox 294 2902 397 2984; x_wconf 87' lang='lat' dir='ltr'>qualis</span> <span class='ocrx_word' id='word_1_203' title='bbox 427 2902 497 2966; x_wconf 87' lang='lat' dir='ltr'>sim.</span> <span class='ocrx_word' id='word_1_204' title='bbox 543 2901 605 2966; x_wconf 88' lang='lat' dir='ltr'>Mit</span> <span class='ocrx_word' id='word_1_205' title='bbox 626 2905 727 2966; x_wconf 74' lang='lat' dir='ltr'>nocero</span> <span class='ocrx_word' id='word_1_206' title='bbox 757 2904 937 2965; x_wconf 82' lang='lat' dir='ltr'>verwaudte</span> <span class='ocrx_word' id='word_1_207' title='bbox 967 2905 1115 2987; x_wconf 82' lang='lat' dir='ltr'>negative</span> 
     </span>
     <span class='ocr_line' id='line_1_27' title="bbox 69 3002 1114 3086; baseline 0.003 -20"><span class='ocrx_word' id='word_1_208' title='bbox 69 3006 166 3067; x_wconf 70' lang='lat' dir='ltr'>ltsdtze</span> <span class='ocrx_word' id='word_1_209' title='bbox 197 3004 302 3067; x_wconf 88' lang='lat' dir='ltr'>haben</span> <span class='ocrx_word' id='word_1_210' title='bbox 333 3004 488 3068; x_wconf 89' lang='lat' dir='ltr'>chenfalls</span> <span class='ocrx_word' id='word_1_211' title='bbox 518 3004 580 3068; x_wconf 89' lang='lat' dir='ltr'>den</span> <span class='ocrx_word' id='word_1_212' title='bbox 613 3004 793 3068; x_wconf 82' lang='lat' dir='ltr'>Nebensatz</span> <span class='ocrx_word' id='word_1_213' title='bbox 829 3004 872 3066; x_wconf 92' lang='lat' dir='ltr'>im</span> <span class='ocrx_word' id='word_1_214' title='bbox 906 3002 1114 3086; x_wconf 83' lang='lat' dir='ltr'>Conjuuctiv:</span> 
     </span>
     <span class='ocr_line' id='line_1_28' title="bbox 69 3101 1114 3189; baseline 0.003 -23"><span class='ocrx_word' id='word_1_215' title='bbox 69 3101 133 3170; x_wconf 84' lang='lat' dir='ltr'>lrin.</span> <span class='ocrx_word' id='word_1_216' title='bbox 157 3105 219 3169; x_wconf 82' lang='grc'>227</span> <span class='ocrx_word' id='word_1_217' title='bbox 243 3106 304 3170; x_wconf 92' lang='lat' dir='ltr'>hoc</span> <span class='ocrx_word' id='word_1_218' title='bbox 327 3115 391 3170; x_wconf 87' lang='lat' dir='ltr'>noh</span> <span class='ocrx_word' id='word_1_219' title='bbox 416 3106 517 3189; x_wconf 82' lang='lat' dir='ltr'>liquet</span> <span class='ocrx_word' id='word_1_220' title='bbox 538 3126 596 3168; x_wconf 86' lang='lat' dir='ltr'>nec</span> <span class='ocrx_word' id='word_1_221' title='bbox 620 3106 697 3170; x_wconf 87' lang='lat' dir='ltr'>satis</span> <span class='ocrx_word' id='word_1_222' title='bbox 721 3106 1114 3189; x_wconf 46' lang='lat' dir='ltr'>cogitatumst—‘amorin</span> 
     </span>
     <span class='ocr_line' id='line_1_29' title="bbox 69 3207 1114 3291; baseline 0.002 -23"><span class='ocrx_word' id='word_1_223' title='bbox 69 3209 152 3271; x_wconf 87' lang='lat' dir='ltr'>nrei</span> <span class='ocrx_word' id='word_1_224' title='bbox 180 3207 310 3291; x_wconf 88' lang='lat' dir='ltr'>obsequi</span> <span class='ocrx_word' id='word_1_225' title='bbox 339 3208 443 3291; x_wconf 90' lang='lat' dir='ltr'>potius</span> <span class='ocrx_word' id='word_1_226' title='bbox 475 3229 532 3289; x_wconf 88' lang='lat' dir='ltr'>par</span> <span class='ocrx_word' id='word_1_227' title='bbox 558 3207 609 3270; x_wconf 83' lang='lat' dir='ltr'>sit.</span> <span class='ocrx_word' id='word_1_228' title='bbox 644 3208 751 3278; x_wconf 75' lang='lat' dir='ltr'>Asin.</span> <span class='ocrx_word' id='word_1_229' title='bbox 778 3207 841 3270; x_wconf 75' lang='grc'>495</span> <span class='ocrx_word' id='word_1_230' title='bbox 869 3227 981 3289; x_wconf 83' lang='lat' dir='ltr'>quom,</span> <span class='ocrx_word' id='word_1_231' title='bbox 1011 3207 1114 3289; x_wconf 89' lang='lat' dir='ltr'>qualis</span> 
     </span>
     <span class='ocr_line' id='line_1_30' title="bbox 69 3308 1110 3392; baseline 0.004 -24"><span class='ocrx_word' id='word_1_232' title='bbox 69 3328 111 3372; x_wconf 76' lang='lat' dir='ltr'>iou</span> <span class='ocrx_word' id='word_1_233' title='bbox 134 3311 232 3372; x_wconf 84' lang='lat' dir='ltr'>novit.</span> <span class='ocrx_word' id='word_1_234' title='bbox 274 3309 368 3374; x_wconf 80' lang='lat' dir='ltr'>&#39;lruc</span> <span class='ocrx_word' id='word_1_235' title='bbox 394 3310 454 3373; x_wconf 71' lang='lat'>773</span> <span class='ocrx_word' id='word_1_236' title='bbox 477 3310 550 3392; x_wconf 89' lang='lat' dir='ltr'>quid</span> <span class='ocrx_word' id='word_1_237' title='bbox 574 3309 617 3371; x_wconf 86' lang='lat' dir='ltr'>sit</span> <span class='ocrx_word' id='word_1_238' title='bbox 638 3310 760 3392; x_wconf 81' lang='lat' dir='ltr'>negoti,</span> <span class='ocrx_word' id='word_1_239' title='bbox 784 3309 884 3371; x_wconf 83' lang='lat' dir='ltr'>falsus</span> <span class='ocrx_word' id='word_1_240' title='bbox 907 3308 1110 3391; x_wconf 85' lang='lat' dir='ltr'>incertusque</span> 
     </span>
     <span class='ocr_line' id='line_1_31' title="bbox 96 3409 1110 3489; baseline -0.001 -16"><span class='ocrx_word' id='word_1_241' title='bbox 96 3410 176 3475; x_wconf 87' lang='lat' dir='ltr'>Ter.</span> <span class='ocrx_word' id='word_1_242' title='bbox 202 3409 318 3477; x_wconf 89' lang='lat' dir='ltr'>Heaut.</span> <span class='ocrx_word' id='word_1_243' title='bbox 342 3413 384 3474; x_wconf 86' lang='grc'>95</span> <span class='ocrx_word' id='word_1_244' title='bbox 407 3432 492 3473; x_wconf 89' lang='lat' dir='ltr'>nunc</span> <span class='ocrx_word' id='word_1_245' title='bbox 514 3409 647 3475; x_wconf 84' lang='lat' dir='ltr'>habeam</span> <span class='ocrx_word' id='word_1_246' title='bbox 671 3431 781 3489; x_wconf 87' lang='lat' dir='ltr'>necne,</span> <span class='ocrx_word' id='word_1_247' title='bbox 807 3410 1004 3472; x_wconf 87' lang='lat' dir='ltr'>incertumst.</span> <span class='ocrx_word' id='word_1_248' title='bbox 1038 3409 1110 3474; x_wconf 90' lang='lat' dir='ltr'>Uml</span> 
     </span>
     <span class='ocr_line' id='line_1_32' title="bbox 69 3508 1111 3595; baseline 0.004 -25"><span class='ocrx_word' id='word_1_249' title='bbox 69 3513 189 3575; x_wconf 63' lang='lat' dir='ltr'>,vielen</span> <span class='ocrx_word' id='word_1_250' title='bbox 213 3511 493 3575; x_wconf 84' lang='lat' dir='ltr'>sinnverwandten</span> <span class='ocrx_word' id='word_1_251' title='bbox 509 3511 735 3595; x_wconf 81' lang='lat' dir='ltr'>Wenduugen,</span> <span class='ocrx_word' id='word_1_252' title='bbox 760 3512 817 3572; x_wconf 87' lang='lat' dir='ltr'>wie</span> <span class='ocrx_word' id='word_1_253' title='bbox 840 3508 919 3573; x_wconf 88' lang='lat' dir='ltr'>auch</span> <span class='ocrx_word' id='word_1_254' title='bbox 944 3509 1027 3573; x_wconf 86' lang='lat' dir='ltr'>uach</span> <span class='ocrx_word' id='word_1_255' title='bbox 1050 3512 1111 3593; x_wconf 72' lang='lat' dir='ltr'>den</span> 
     </span>
     <span class='ocr_line' id='line_1_33' title="bbox 69 3609 1112 3696; baseline 0.002 -22"><span class='ocrx_word' id='word_1_256' title='bbox 69 3612 92 3674; x_wconf 86' lang='lat' dir='ltr'>is</span> <span class='ocrx_word' id='word_1_257' title='bbox 120 3614 175 3677; x_wconf 90' lang='lat' dir='ltr'>der</span> <span class='ocrx_word' id='word_1_258' title='bbox 211 3613 536 3696; x_wconf 84' lang='lat' dir='ltr'>Verwunderung</span> <span class='ocrx_word' id='word_1_259' title='bbox 565 3613 631 3676; x_wconf 89' lang='lat' dir='ltr'>und</span> <span class='ocrx_word' id='word_1_260' title='bbox 661 3612 715 3676; x_wconf 91' lang='lat' dir='ltr'>der</span> <span class='ocrx_word' id='word_1_261' title='bbox 743 3609 905 3687; x_wconf 82' lang='lat' dir='ltr'>Furcht‚</span> <span class='ocrx_word' id='word_1_262' title='bbox 941 3633 967 3675; x_wconf 81' lang='lat' dir='ltr'>z.</span> <span class='ocrx_word' id='word_1_263' title='bbox 993 3610 1029 3674; x_wconf 90' lang='lat' dir='ltr'>B.</span> <span class='ocrx_word' id='word_1_264' title='bbox 1059 3612 1112 3677; x_wconf 92' lang='lat' dir='ltr'>Pl.</span> 
     </span>
     <span class='ocr_line' id='line_1_34' title="bbox 69 3711 1112 3797; baseline 0.001 -21"><span class='ocrx_word' id='word_1_265' title='bbox 69 3715 155 3779; x_wconf 80' lang='grc'>,268</span> <span class='ocrx_word' id='word_1_266' title='bbox 178 3714 286 3792; x_wconf 88' lang='lat' dir='ltr'>miror,</span> <span class='ocrx_word' id='word_1_267' title='bbox 310 3715 384 3797; x_wconf 91' lang='lat' dir='ltr'>quid</span> <span class='ocrx_word' id='word_1_268' title='bbox 407 3716 475 3778; x_wconf 90' lang='lat' dir='ltr'>siet.</span> <span class='ocrx_word' id='word_1_269' title='bbox 506 3713 604 3778; x_wconf 86' lang='lat' dir='ltr'>Mero.</span> <span class='ocrx_word' id='word_1_270' title='bbox 619 3717 679 3777; x_wconf 84' lang='lat'>110</span> <span class='ocrx_word' id='word_1_271' title='bbox 701 3714 809 3794; x_wconf 85' lang='lat' dir='ltr'>timeo,</span> <span class='ocrx_word' id='word_1_272' title='bbox 832 3711 908 3795; x_wconf 92' lang='lat' dir='ltr'>quid</span> <span class='ocrx_word' id='word_1_273' title='bbox 930 3713 999 3776; x_wconf 88' lang='lat' dir='ltr'>siet.</span> <span class='ocrx_word' id='word_1_274' title='bbox 1029 3713 1112 3778; x_wconf 81' lang='lat' dir='ltr'>Ter.</span> 
     </span>
     <span class='ocr_line' id='line_1_35' title="bbox 69 3814 1110 3900; baseline 0.003 -22"><span class='ocrx_word' id='word_1_275' title='bbox 69 3838 98 3882; x_wconf 85' lang='lat' dir='ltr'>n.</span> <span class='ocrx_word' id='word_1_276' title='bbox 120 3816 181 3880; x_wconf 82' lang='grc'>896</span> <span class='ocrx_word' id='word_1_277' title='bbox 209 3818 317 3897; x_wconf 83' lang='lat' dir='ltr'>miror,</span> <span class='ocrx_word' id='word_1_278' title='bbox 344 3816 418 3900; x_wconf 85' lang='lat' dir='ltr'>quid</span> <span class='ocrx_word' id='word_1_279' title='bbox 452 3816 520 3879; x_wconf 88' lang='lat' dir='ltr'>siet.</span> <span class='ocrx_word' id='word_1_280' title='bbox 574 3815 673 3878; x_wconf 83' lang='lat' dir='ltr'>Andr.</span> <span class='ocrx_word' id='word_1_281' title='bbox 701 3816 763 3878; x_wconf 85' lang='grc'>233</span> <span class='ocrx_word' id='word_1_282' title='bbox 791 3834 910 3896; x_wconf 83' lang='lat' dir='ltr'>vercor,</span> <span class='ocrx_word' id='word_1_283' title='bbox 939 3814 1013 3897; x_wconf 92' lang='lat' dir='ltr'>quid</span> <span class='ocrx_word' id='word_1_284' title='bbox 1041 3815 1110 3881; x_wconf 83' lang='lat' dir='ltr'>siet.</span> 
     </span>
     <span class='ocr_line' id='line_1_36' title="bbox 74 3915 819 3982; baseline 0 -2"><span class='ocrx_word' id='word_1_285' title='bbox 74 3916 235 3981; x_wconf 71' lang='lat' dir='ltr'>dhnlichcs</span> <span class='ocrx_word' id='word_1_286' title='bbox 259 3917 308 3981; x_wconf 87' lang='lat' dir='ltr'>hei</span> <span class='ocrx_word' id='word_1_287' title='bbox 332 3917 444 3982; x_wconf 87' lang='lat' dir='ltr'>beiden</span> <span class='ocrx_word' id='word_1_288' title='bbox 469 3917 641 3981; x_wconf 83' lang='lat' dir='ltr'>Komikeru</span> <span class='ocrx_word' id='word_1_289' title='bbox 665 3915 739 3980; x_wconf 86' lang='lat' dir='ltr'>sehr</span> <span class='ocrx_word' id='word_1_290' title='bbox 761 3916 819 3980; x_wconf 83' lang='lat' dir='ltr'>oft.</span> 
     </span>
     <span class='ocr_line' id='line_1_37' title="bbox 69 4016 1109 4102; baseline 0.001 -20"><span class='ocrx_word' id='word_1_291' title='bbox 69 4017 224 4084; x_wconf 77' lang='lat' dir='ltr'>latdrlich</span> <span class='ocrx_word' id='word_1_292' title='bbox 259 4019 347 4082; x_wconf 79' lang='lat' dir='ltr'>steht</span> <span class='ocrx_word' id='word_1_293' title='bbox 380 4019 436 4082; x_wconf 88' lang='lat' dir='ltr'>der</span> <span class='ocrx_word' id='word_1_294' title='bbox 463 4018 665 4082; x_wconf 88' lang='lat' dir='ltr'>lndicativ</span> <span class='ocrx_word' id='word_1_295' title='bbox 698 4016 781 4081; x_wconf 86' lang='lat' dir='ltr'>nach</span> <span class='ocrx_word' id='word_1_296' title='bbox 815 4017 876 4080; x_wconf 90' lang='lat' dir='ltr'>den</span> <span class='ocrx_word' id='word_1_297' title='bbox 896 4018 1028 4094; x_wconf 73' lang='lat' dir='ltr'>liberal]</span> <span class='ocrx_word' id='word_1_298' title='bbox 1056 4040 1109 4102; x_wconf 79' lang='lat' dir='ltr'>ge·</span> 
     </span>
     <span class='ocr_line' id='line_1_38' title="bbox 69 4119 1114 4203; baseline 0.002 -21"><span class='ocrx_word' id='word_1_299' title='bbox 69 4119 172 4184; x_wconf 88' lang='lat' dir='ltr'>lichen</span> <span class='ocrx_word' id='word_1_300' title='bbox 203 4119 454 4203; x_wconf 76' lang='lat' dir='ltr'>Verbindungen</span> <span class='ocrx_word' id='word_1_301' title='bbox 488 4123 589 4186; x_wconf 77' lang='lat' dir='ltr'>nescio</span> <span class='ocrx_word' id='word_1_302' title='bbox 617 4121 688 4200; x_wconf 83' lang='lat' dir='ltr'>quis</span> <span class='ocrx_word' id='word_1_303' title='bbox 725 4119 786 4182; x_wconf 92' lang='lat' dir='ltr'>und</span> <span class='ocrx_word' id='word_1_304' title='bbox 824 4119 996 4182; x_wconf 74' lang='lat' dir='ltr'>bhnlichen</span> <span class='ocrx_word' id='word_1_305' title='bbox 1032 4124 1114 4184; x_wconf 85' lang='lat' dir='ltr'>statt</span> 
     </span>
     <span class='ocr_line' id='line_1_39' title="bbox 75 4220 1109 4304; baseline 0.001 -20"><span class='ocrx_word' id='word_1_306' title='bbox 75 4222 261 4287; x_wconf 81' lang='lat' dir='ltr'>indefiniten</span> <span class='ocrx_word' id='word_1_307' title='bbox 279 4220 485 4304; x_wconf 87' lang='lat' dir='ltr'>Pronomens,</span> <span class='ocrx_word' id='word_1_308' title='bbox 509 4223 593 4285; x_wconf 83' lang='lat' dir='ltr'>deun</span> <span class='ocrx_word' id='word_1_309' title='bbox 616 4222 682 4285; x_wconf 90' lang='lat' dir='ltr'>dies</span> <span class='ocrx_word' id='word_1_310' title='bbox 705 4220 775 4284; x_wconf 90' lang='lat' dir='ltr'>sind</span> <span class='ocrx_word' id='word_1_311' title='bbox 800 4220 894 4283; x_wconf 84' lang='lat' dir='ltr'>keine</span> <span class='ocrx_word' id='word_1_312' title='bbox 912 4221 1109 4304; x_wconf 73' lang='lat' dir='ltr'>l&#39;ragesiltze.</span> 
     </span>
     <span class='ocr_line' id='line_1_40' title="bbox 69 4321 1109 4407; baseline 0.004 -25"><span class='ocrx_word' id='word_1_313' title='bbox 69 4326 85 4386; x_wconf 87' lang='lat' dir='ltr'>l.</span> <span class='ocrx_word' id='word_1_314' title='bbox 133 4323 195 4386; x_wconf 89' lang='lat' dir='ltr'>Der</span> <span class='ocrx_word' id='word_1_315' title='bbox 217 4322 395 4406; x_wconf 85' lang='lat' dir='ltr'>Hauptsalz</span> <span class='ocrx_word' id='word_1_316' title='bbox 418 4325 460 4388; x_wconf 80' lang='lat' dir='ltr'>ist</span> <span class='ocrx_word' id='word_1_317' title='bbox 483 4324 633 4407; x_wconf 80' lang='lat' dir='ltr'>positiv</span> <span class='ocrx_word' id='word_1_318' title='bbox 657 4322 719 4385; x_wconf 90' lang='lat' dir='ltr'>und</span> <span class='ocrx_word' id='word_1_319' title='bbox 743 4321 869 4386; x_wconf 78' lang='lat' dir='ltr'>enthiilt</span> <span class='ocrx_word' id='word_1_320' title='bbox 891 4324 943 4386; x_wconf 92' lang='lat' dir='ltr'>ein</span> <span class='ocrx_word' id='word_1_321' title='bbox 966 4322 1109 4387; x_wconf 88' lang='lat' dir='ltr'>Verbum</span> 
     </span>
     <span class='ocr_line' id='line_1_41' title="bbox 69 4423 1110 4509; baseline 0.001 -22"><span class='ocrx_word' id='word_1_322' title='bbox 69 4424 116 4506; x_wconf 83' lang='lat' dir='ltr'>di,</span> <span class='ocrx_word' id='word_1_323' title='bbox 140 4424 273 4501; x_wconf 84' lang='lat' dir='ltr'>sciendi,</span> <span class='ocrx_word' id='word_1_324' title='bbox 297 4425 460 4509; x_wconf 85' lang='lat' dir='ltr'>audiendi,</span> <span class='ocrx_word' id='word_1_325' title='bbox 484 4425 610 4489; x_wconf 79' lang='lat' dir='ltr'>videndi</span> <span class='ocrx_word' id='word_1_326' title='bbox 645 4426 707 4487; x_wconf 92' lang='lat' dir='ltr'>und</span> <span class='ocrx_word' id='word_1_327' title='bbox 738 4425 802 4503; x_wconf 72' lang='lat' dir='ltr'>dgl.</span> <span class='ocrx_word' id='word_1_328' title='bbox 854 4423 904 4488; x_wconf 87' lang='lat' dir='ltr'>Da</span> <span class='ocrx_word' id='word_1_329' title='bbox 936 4424 1015 4488; x_wconf 86' lang='lat' dir='ltr'>anch</span> <span class='ocrx_word' id='word_1_330' title='bbox 1044 4425 1110 4488; x_wconf 88' lang='lat' dir='ltr'>dies</span> 
     </span>
    </p>
   </div>
   <div class='ocr_carea' id='block_1_6' title="bbox 0 0 1434 5062">
    <p class='ocr_par' dir='ltr' id='par_1_6' title="bbox 0 0 1434 5062">
     <span class='ocr_line' id='line_1_42' title="bbox 0 0 1434 5062; baseline 0 1"><span class='ocrx_word' id='word_1_331' title='bbox 0 0 1434 5062; x_wconf 95' lang='lat' dir='ltr'> </span> 
     </span>
    </p>
   </div>
  </div>
 </body>
</html>
