2864 5056
496 329 723 393 -623-

25 502 101 566 hat.
148 499 242 564 Auch
276 500 346 562 hier
373 499 415 561 ist
443 499 494 562 ein
523 499 678 564 finales
707 498 913 588 Verhiltuiss
942 520 979 561 zu
1007 497 1178 561 erkenuen.

28 604 164 667 Plaut
212 601 328 684 Amph.
355 600 418 663 240
440 600 580 665 animam
604 603 757 665 omittunt
778 623 826 684 pr.
849 623 880 684 q.
907 599 976 663 loco
1002 600 1183 684 demigrent

30 706 83 791 (in
117 704 173 768 der
195 702 410 785 Schilderung
437 701 526 766 einer
548 701 725 788 Schlacht).
771 703 880 768 Caes.
906 702 936 766 b.
960 724 987 766 c.
1013 704 1040 783 1,
1063 701 1105 764 22
1126 722 1180 782 ne<

31 827 97 890 que
127 806 170 869 ab
199 826 235 868 eo
264 805 351 888 prius
373 801 551 867 Domitiani
580 804 696 868 milites
724 803 893 868 discedunt
920 825 949 887 q.
974 803 1006 866 iu
1032 823 1181 886 conspec-

30 915 105 972 tum
129 906 274 972 Caesaris
308 904 491 972 deducatur.
534 905 577 968 54
599 927 646 989 pr.
670 927 700 989 q.
731 905 770 968 ab
799 904 989 968 adversariis
1011 905 1180 984 sentiatur,

28 1008 218 1073 communit.
263 1005 373 1090 Virg.
403 1008 442 1068 A.
475 1008 507 1082 1,
544 1006 604 1070 192
633 1028 692 1071 nec
720 1007 808 1091 prius
842 1006 972 1069 absistit
1000 1027 1029 1089 q.
1059 1008 1181 1088 septem

27 1110 182 1194 ingentia
206 1107 462 1191 victor'corpcra
483 1107 600 1172 fundat
620 1107 718 1172 humi.

122 1213 145 1288 ζ.
170 1209 238 1272 Aut
263 1209 315 1273 die
343 1208 518 1273 Zukunft
550 1209 638 1273 weist
671 1208 727 1275 der
757 1208 850 1293 Oonj.
878 1208 951 1290 hin,
981 1206 1180 1282 namentlich

28 1315 65 1377 in
100 1311 157 1375 der
183 1309 516 1395 Einleituugsformel,
550 1311 584 1374 in
619 1309 755 1376 welcher
784 1310 903 1393 jedoch
934 1311 990 1374 der
1024 1308 1182 1374 Indicatir

31 1419 78 1501 (s.
108 1414 191 1478 oben
228 1415 255 1492 1,
285 1413 318 1496 a)
347 1411 610 1495 gebrauchlicher
640 1434 716 1476 war.
767 1411 850 1475 Ter.
880 1412 941 1475 Ad.
969 1411 1032 1477 583
1066 1412 1112 1475 110
1142 1410 1182 1475 ad

33 1516 199 1597 dextram3
231 1535 279 1598 pr.
310 1535 340 1597 q.
370 1513 409 1577 ad
440 1516 564 1597 portam
594 1514 720 1594 venias,
755 1513 839 1597 apud
868 1515 971 1597 ipsum
1000 1512 1104 1576 lacum
1133 1516 1183 1575 est

33 1615 184 1702 pistrilla.
216 1615 294 1681 010.
317 1618 381 1680 inv.
409 1616 482 1699 1,4
515 1615 570 1679 sed
601 1620 677 1680 aute
710 1637 740 1701 q.
772 1616 810 1679 de
837 1615 1016 1698 praeceptis
1044 1614 1181 1678 oratoris

32 1719 194 1799 dieamus,
226 1715 352 1782 videtur
375 1716 543 1781 dicendum
566 1716 605 1780 de
627 1736 745 1801 genere
768 1717 867 1801 ipsius
889 1716 978 1780 artis.
1023 1738 1054 1799 p.
1078 1713 1180 1780 Balbo

33 1822 63 1900 7,
86 1820 129 1884 18
151 1841 189 1885 ac
212 1841 259 1903 pr.
282 1842 313 1903 p.
344 1819 514 1903 aggrediar
541 1818 579 1882 ad
610 1819 659 1882 ius
688 1840 878 1904 causamque
901 1816 1059 1899 Cornelii,
1088 1817 1181 1901 quid-

32 1921 106 1985 dam
128 1960 169 1986 .—
196 1921 505 1985 commemorandum
530 1919 663 1984 videtur.
697 1919 780 1985 Phil.
808 1924 834 1996 1,
860 1922 874 1982 1
900 1922 974 1983 autc
998 1939 1027 2002 q.
1052 1919 1091 1983 de
1113 1940 1181 2003 rep.

34 2024 140 2087 dicam
168 2060 204 2070 -
233 2043 390 2106 exponam
421 2021 509 2086 vobis
537 2025 592 2086 ctt.
637 2020 674 2085 In
704 2021 854 2086 auderem
882 2019 1183 2106 Zusammenbange

38 2124 196 2189 ebenfalls
219 2123 277 2188 auf
298 2123 348 2186 die
365 2121 510 2187 Zukunft
524 2123 736 2188 liinweiseud:
761 2123 821 2207 leg.
845 2144 912 2207 agr.
929 2124 958 2200 2,
974 2124 1025 2202 20,
1048 2124 1089 2187 53
1106 2130 1182 2187 0010

39 2250 69 2311 q.
94 2226 203 2290 veniat
227 2227 259 2290 in
284 2225 433 2307 Pontum,
456 2225 578 2289 litteras
601 2225 641 2290 ad
663 2223 723 2289 00.
747 2223 933 2309 Pompeium
956 2224 1070 2289 mittet.

124 2325 217 2392 Sall.
241 2326 312 2391 001.
341 2329 362 2391 4
395 2347 497 2411 pauca
531 2328 619 2411 prius
651 2326 866 2413 explananda·
883 2330 960 2390 suut
992 2347 1022 2409 q.
1053 2326 1181 2391 initium

36 2429 191 2494 narrandi
212 2427 340 2492 faciam.

120 2530 203 2594 Lir.
227 2529 278 2607 22,
300 2529 353 2612 39,
374 2530 395 2594 6
417 2552 505 2594 0000
527 2552 652 2616 quoque
676 2531 796 2611 consul,
820 2551 867 2614 pr.
891 2550 921 2613 q.
948 2534 1052 2594 castra
1074 2529 1181 2594 videat
1201 2581 1203 2585 .

34 2637 92 2698 aut
116 2635 251 2716 hostem,
274 2631 403 2696 insanit.
448 2631 499 2713 23,
522 2632 552 2714 3,
574 2633 594 2697 6
617 2632 672 2697 sed
694 2633 783 2716 prius
809 2671 845 2679 —
870 2631 1065 2716 cooptabitis
1087 2654 1118 2715 q.
1143 2633 1181 2695 de

36 2734 136 2799 noxio
159 2733 351 2817 supplicium
374 2736 525 2798 sumatur.

124 2834 296 2919 Capitol.
322 2834 416 2900 clod.
442 2834 514 2898 Alb.
542 2837 556 2898 1
581 2857 629 2919 pr.
653 2856 683 2919 q.
707 2836 869 2901 disseram.

122 2935 316 3020 Lamprid.
341 2936 432 3000 Diad.
456 2937 474 3000 l
498 2958 593 3020 quam
617 2937 784 3020 epistolam
807 2960 856 3021 pr.
879 2960 908 3021 q.
931 2938 1084 3003 intexam.

121 3038 156 3119 b)
180 3037 245 3102 Der
268 3037 359 3122 Conj.
383 3038 438 3101 des
461 3036 643 3102 Perfecta
666 3038 723 3102 hat
745 3039 906 3103 entweder
927 3039 975 3102 als
991 3039 1075 3103 Peri.
1099 3039 1180 3120 logi-

31 3162 108 3203 cum
139 3138 235 3203 finale
258 3138 449 3223 Bedeutung
477 3138 555 3203 oder
585 3138 689 3223 hangt
717 3161 777 3204 von
813 3141 916 3204 einem
947 3136 1101 3204 Praesens
1130 3142 1180 3222 ab,

32 3241 93 3305 das
116 3240 188 3305 eine
204 3239 418 3304 Gewohnheit
440 3239 627 3304 bezeichnet
647 3241 723 3305 oder
745 3240 831 3305 steht
844 3242 877 3305 iu
894 3242 1065 3306 indirectcr
1080 3241 1178 3306 Rede.

121 3364 153 3405 α.
176 3340 215 3406 In
237 3342 407 3406 finalem
431 3340 545 3407 Sinne:
570 3340 694 3406 Plaut.
718 3343 785 3407 mil.
811 3342 1063 3407 10950011οθ0
1086 3350 1180 3428 pacto

36 3447 148 3528 potest
170 3444 258 3528 priua
281 3466 300 3507 a
322 3465 371 3508 me
394 3445 428 3507 in
449 3444 538 3508 aedis
561 3444 658 3529 recipi
680 3466 710 3528 q.
726 3445 814 3508 illam
830 3444 1022 3510 obmiserim.
1062 3444 1179 3510 Bacch.

39 3548 101 3609 114
130 3567 170 3610 00
193 3545 383 3622 Nicobulum
413 3567 462 3608 roe
490 3546 578 3610 sinas
601 3547 751 3630 —prius
780 3546 949 3610 convenire
978 3568 1008 3630 q.
1038 3546 1180 3611 sodalem

34 3647 180 3710 viderim.
225 3646 319 3731 Epid.
354 3649 380 3724 1,
413 3650 440 3729 l,
467 3647 509 3712 66
542 3648 618 3732 quia
652 3653 775 3732 patrem
802 3648 890 3732 prius
916 3649 1087 3713 convenire
1113 3670 1179 3713 non

34 3748 105 3812 volt
127 3769 231 3833 neque
253 3771 288 3813 se
311 3749 489 3832 conspicari
512 3770 606 3832 quam
622 3748 654 3812 id
676 3754 845 3833 argentum
860 3787 902 3798 ·—
924 3749 1181 3818 dinumeraverit.

34 3849 139 3913 Poeu.
162 3851 193 3933 4,
215 3850 247 3933 2,
270 3851 312 3915 86
340 3850 430 3935 prius
457 3850 628 3934 disperibit
648 3851 723 3915 faxo
746 3874 776 3935 q.
800 3873 896 3916 uuam
921 3853 1039 3917 calcem
1059 3853 1179 3917 civerit.

35 3950 147 4017 Caes.
170 3951 200 4015 b.
223 3973 253 4037 g.
275 3954 307 4033 3,
336 3952 371 4016 18
392 3974 459 4017 000
482 3952 571 4036 prius
594 3990 633 3999 -
656 3953 824 4017 dimittunt
845 3976 876 4037 q.
900 3953 940 4018 ab
969 3953 1019 4018 his
1042 3955 1084 4018 sit
1107 3977 1179 4018 con·

34 4075 169 4119 cessum.
209 4052 289 4118 niv.
312 4054 497 4136 5,4,10si
520 4075 586 4118 000
609 4066 683 4119 ante
706 4054 905 4120 abscedimus
920 4079 950 4140 q.
967 4057 1035 4139 spei
1051 4061 1180 4120 nostrae
1230 4121 1232 4127 ,

36 4154 141 4219 finem
164 4156 418 4239 imposuerimus.

121 4257 235 4338 11410
263 4256 489 4321 indirecter
517 4257 631 4322 Modus
664 4280 776 4343 wegen
810 4258 897 4323 eines
932 4258 1180 4323 Potentialis

36 4358 81 4420 im
107 4356 316 4447 llauptsatnc:
342 4357 392 4421 Pl.
416 4358 513 4423 Merc.
535 4360 592 4423 155
615 4359 677 4422 iam
699 4381 746 4442 pr.
771 4382 802 4443 q.
817 4360 878 4424 sim
893 4360 1072 4444 eloquium,
1096 4362 1178 4425 scias

36 4459 63 4522 01
86 4460 214 4523 nieutiri
240 4460 344 4523 velim.
