2880 5062
15 451 33 572 ξ
112 478 156 542 ian
177 483 326 567 perplexe,
354 486 390 546 ut
418 485 508 567 ante,
544 505 615 547 cum
649 480 763 547 dubiae
796 504 846 547 res
879 482 1032 547 incolumi
1065 480 1214 567 Philippo

14 575 30 670 ζ
111 587 187 665 ent,
206 587 254 650 sed
280 591 391 672 aperte
418 586 642 651 denuntiatum
672 588 709 648 ut
735 586 899 650 excederet
926 589 983 650 att.
1033 586 1089 665 34,
1112 585 1170 664 39,
1195 585 1215 647 9

13 675 30 730 ἒ
111 703 162 749 eun
178 690 210 754 ad
229 693 332 754 cetera
355 690 463 752 animo
490 688 661 774 officioque
689 688 779 752 ducis
804 688 1009 773 fungebatur,
1034 692 1112 752 tunc
1138 710 1213 752 vero

24 822 35 863 ςΗ
108 805 175 865 unus,
192 814 226 856 ne
246 795 414 875 caperetur
435 790 521 872 urbs,
538 812 632 854 causa
647 790 721 855 fuit.
763 790 814 868 41,
840 792 889 873 14,
916 793 931 853 1
956 812 1028 853 enm
1051 791 1079 855 is
1101 791 1214 854 trium·

104 884 165 966 plus
186 893 219 957 de
243 892 416 977 Liguribus
444 892 615 976 agebatur,
639 891 773 976 Ligures
796 930 835 939 —
859 893 1017 958 coloniam
1039 892 1142 975 ipsam
1165 912 1217 955 ce·

9 998 28 1043 ἰ
100 999 196 1067 perure

14 1080 25 1109 ³
163 1094 223 1160 Nur
254 1095 305 1160 uie
341 1095 710 1180 Gleichzeirigkeit
741 1095 850 1160 berder
884 1094 1103 1181 uenerungen
1134 1097 1214 1160 wau

96 1187 269 1278 bezeichnet,
293 1197 409 1262 nich‘t
430 1198 481 1262 die
503 1197 633 1281 langere
655 1196 763 1262 Dauer
790 1197 846 1262 der
866 1197 1045 1284 Handlung
1072 1200 1127 1263 des
1149 1198 1212 1263 Ne·

14 1342 21 1381 33
91 1290 248 1365 beusatees:
294 1300 372 1366 cic.
396 1299 435 1364 de
456 1299 523 1364 inv.
550 1304 583 1383 1,
605 1301 625 1363 2
647 1301 711 1364 fuit
731 1300 889 1384 quoddam
913 1304 1054 1384 tempus,
1085 1323 1156 1365 cum
1179 1301 1214 1364 in

8 1462 9 1465 ,
86 1401 160 1478 egris
183 1401 326 1468 homiues
356 1440 394 1449 -
424 1401 626 1485 vagabantur
648 1405 703 1467 att.
748 1425 778 1486 p.
803 1402 930 1478 Quinct.
965 1405 1001 1467 ll
1032 1406 1067 1466 tu
1095 1404 1129 1466 in
1157 1406 1213 1466 tua

81 1513 126 1577 1⁸,
154 1525 216 1568 cum
243 1508 371 1588 tempus
399 1508 483 1582 erat,
511 1503 629 1567 oblitus
660 1525 703 1568 es.
754 1503 847 1568 Verr.
875 1503 923 1585 II,
954 1507 989 1586 1,
1011 1505 1054 1568 43
1076 1504 1213 1568 maxime

77 1597 241 1684 offendisti,
275 1628 347 1670 curn
375 1645 415 1652 -
444 1605 643 1689 repudiabas,
694 1606 730 1688 3,
759 1605 800 1669 90
822 1606 876 1690 qui
903 1610 971 1670 tum
1000 1606 1117 1670 versati
1139 1611 1215 1670 sunt

9 1759 10 1762 η
73 1695 101 1761 1'11
131 1728 201 1791 rep,
224 1730 296 1771 eum
319 1747 360 1756 —
384 1708 497 1791 optimi
520 1729 622 1771 mores
649 1711 752 1771 eraut.
801 1706 960 1772 Unsicher
975 1708 1018 1772 ist
1038 1710 1069 1792 3,
1084 1709 1135 1787 92,
1151 1708 1214 1774 215

71 1819 146 1871 tum
170 1809 331 1874 malebant
359 1808 499 1894 (Baiter't
528 1809 686 1893 mallent).
731 1811 768 1892 4,
790 1810 847 1888 62,
874 1810 943 1874 138.
987 1812 1024 1892 5,
1047 1811 1087 1875 37
1111 1831 1213 1895 neque

68 1903 384 1997 Carthaginiensium
412 1949 453 1959 —
482 1912 614 1994 classes,
643 1933 713 1975 eum
741 1912 821 1975 mari
848 1912 1020 1995 plurimum
1055 1916 1212 1996 poterant,

67 2042 103 2054 -
141 2036 273 2099 unquam
303 2013 465 2096 adspirare
494 2017 676 2097 potuerunt
722 2013 761 2077 de
783 2034 828 2077 or.
854 2018 881 2097 l,
903 2015 946 2079 30
968 2035 1030 2097 qua
1052 2015 1212 2098 quondam

61 2112 180 2179 solitus
202 2138 273 2180 sum
295 2116 359 2199 uti,
388 2137 458 2178 cum
481 2115 559 2179 mibi
584 2153 621 2163 -
646 2116 772 2182 licebat.
818 2114 891 2179 Und
919 2115 1004 2180 noch
1026 2116 1069 2180 30
1090 2113 1213 2181 Stellen

59 2231 132 2278 aus
152 2217 259 2283 Cicero
283 2216 374 2301 giebt
396 2215 570 2281 Hoffmann
594 2217 626 2282 S.
649 2217 806 2281 99-101.

159 2318 264 2404 Virg.
289 2318 347 2382 ecl.
373 2318 421 2401 10,
444 2319 465 2382 9
486 2319 540 2402 qui
562 2340 618 2383 vos
641 2321 740 2383 saltus
763 2319 914 2403 habuere,
936 2319 1061 2403 puellae
1082 2319 1212 2397 Naides,

58 2415 201 2504 indigno
224 2442 295 2485 cum
320 2419 433 2484 Gallus
455 2441 562 2485 amore
584 2420 732 2503 peribat?
762 2423 842 2485 Aen.
858 2423 889 2500 4,
911 2421 973 2486 597
997 2426 1075 2486 tuno
1096 2423 1211 2502 decuit,

60 2540 149 2584 curn
167 2527 290 2607 sceptra
312 2523 417 2586 dabas.
461 2521 597 2586 Tibull
622 2526 654 2606 1,
684 2525 740 2602 10,
764 2524 792 2587 7.
839 2522 888 2588 19.
933 2523 1013 2587 Liv.
1037 2525 1072 2606 6,
1094 2525 1149 2605 40,
1174 2526 1212 2588 17

59 2623 164 2703 quale
178 2625 344 2689 [ltruscum
370 2624 517 2706 (bellum)
539 2623 611 2708 fuit,
634 2645 706 2688 cum
730 2625 863 2689 Porsina
877 2624 1062 2690 Jauieulum
1085 2626 1213 2706 insedit,

62 2725 164 2804 quale
188 2726 345 2792 Gallicum
374 2726 484 2808 modo,
515 2746 585 2788 cum
612 2732 739 2810 praeter
761 2726 955 2811 Capitolium
983 2733 1079 2812 atque
1107 2750 1213 2793 arcem

64 2827 177 2890 omnia
203 2828 280 2892 haec
309 2826 449 2891 hostium
477 2832 579 2891 erant.
611 2829 643 2908 7,
666 2829 718 2908 32,
744 2829 782 2893 13
805 2830 873 2907 fuit,
898 2851 968 2893 eum
991 2828 1052 2893 hoc
1075 2829 1137 2894 dici
1159 2851 1213 2914 po-

67 2928 212 2990 terat-
235 2929 407 2994 nunciam
431 2933 487 2995 ott.
532 2927 796 3013 (Weissenborm
828 2931 900 3014 „die
923 2929 993 2995 Zeit
1022 2933 1066 2996 ist
1093 2932 1213 3016 vorbei,

71 3031 173 3112 wod)
211 3032 263 3116 21,
290 3031 339 3112 18,
361 3032 391 3095 4.

159 3130 231 3197 Sehr
253 3133 355 3198 selterr
378 3133 483 3197 haben
507 3134 701 3199 coordiuirte
716 3134 978 3219 Temporalsiitze
1000 3134 1212 3200 verschie-

75 3223 170 3295 deue
197 3235 353 3320 Tempora
389 3236 444 3299 der
477 3235 758 3321 Vergaugenheit,
791 3236 964 3321 Imperfect
1002 3238 1067 3301 und
1100 3238 1210 3301 histor.

1 3366 3 3415 1
77 3322 205 3421 Perfert,
223 3339 258 3421 je
280 3337 362 3401 nach
385 3337 442 3402 der
463 3337 710 3402 verschiedenen
734 3339 864 3403 Dauer
892 3342 948 3403 der
976 3339 1010 3402 in
1032 3338 1131 3402 ihnen
1154 3339 1209 3402 be·

1 3514 2 3520 ἵ
79 3428 253 3505 zeiehneren
282 3439 517 3524 Handlungen:
562 3439 636 3507 cic.
661 3463 692 3523 p.
723 3439 815 3504 domo
837 3442 894 3522 33,
918 3441 959 3505 90
981 3462 1075 3523 quem
1099 3443 1212 3524 (popu-

80 3522 157 3617 lum)
177 3540 227 3606 illo
251 3542 427 3606 clarissimo
443 3543 494 3606 die
509 3542 616 3606 vidisti
638 3546 717 3625 tum,
741 3564 811 3607 curn
835 3564 945 3606 omnes
960 3577 1002 3590 —
1024 3542 1212 3626 suffragium

1 3664 3 3707 ᾳ
79 3642 193 3705 ⁸0110u
218 3643 256 3707 de
279 3643 374 3726 civis,
401 3643 455 3707 sed
479 3643 518 3707 de
541 3643 679 3707 civitatis
707 3644 809 3708 salute
832 3645 916 3708 ferre
938 3645 1116 3726 censebunt,
1139 3667 1211 3709 cum

1 3769 2 3773 ¹
77 3720 206 3838 lignique
248 3745 396 3810 homiues
434 3746 469 3809 in
510 3767 657 3829 campum
694 3768 760 3810 non
801 3747 944 3811 tabernis
985 3748 1047 3812 sed·
1080 3749 1213 3812 munici-

74 3841 133 3900 l¹¹⁸
163 3845 272 3911 clausis
309 3853 467 3912 venerant.
513 3846 620 3911 Caes.
644 3848 674 3911 b.
699 3867 725 3910 c.
753 3848 787 3926 2,
814 3850 850 3913 17
879 3855 993 3934 postea
1019 3872 1109 3927 vero,
1140 3872 1212 3914 oum

1 4010 3 4032 5
73 3918 236 4012 catsarem
273 3948 313 4013 ad
350 3949 524 4013 Massiliam
562 3948 696 4012 detineri
733 3953 871 4032 copnovlt
896 3989 936 3999 -
964 3955 1080 4034 accepit
1115 3958 1211 4035 atque

71 4016 149 4101 haec
178 4050 214 4113 ad
242 4073 314 4115 eum
343 4051 438 4116 latius
465 4057 561 4135 atque
588 4050 730 4114 inflatius
754 4051 905 4115 Afranius
928 4054 1153 4135 perscribebat,
1177 4075 1211 4116 se

68 4139 193 4239 quoque
213 4153 249 4215 ad
273 4157 379 4216 motus
401 4153 549 4217 fortunae
572 4153 689 4216 moveri
711 4152 826 4235 eoepit.
876 4153 942 4216 Das
965 4153 1138 4237 Imperfect
1160 4155 1211 4218 be-

64 4238 212 4317 z‘³¹⁰lluet
240 4255 302 4319 den
332 4255 521 4320 bleibenden
549 4254 715 4319 Wortlaut
748 4255 802 4318 des
830 4254 1056 4339 vorliegenden
1084 4255 1209 4320 Sohrei·

64 4317 145 4408 b⁰¹¹⁸
173 4355 301 4441 (Hoffm.
317 4357 348 4423 S.
361 4357 429 4441 96).
463 4358 608 4422 Dieselbe
629 4357 856 4442 Tempusfolge
886 4359 935 4422 bei
958 4358 1031 4421 Tae.
1061 4380 1135 4421 aun.
1162 4360 1211 4442 15,

59 4419 109 4497 54·
139 4448 240 4523 Sonat
253 4459 337 4525 fehlt
352 4462 402 4525 bei
414 4450 541 4524 Tacitus
558 4461 614 4525 das
629 4460 758 4544 Imperf.
772 4461 856 4525 nach
871 4481 940 4525 cum
956 4460 999 4524 im
1007 4458 1209 4524 Vordersatz.

957 4568 1008 4617 36·
