2850 5062
537 349 770 410 -517-

41 500 278 563 rescivissem
301 499 333 562 id
356 499 456 582 prius,
480 499 554 583 quid
577 500 716 562 facerem
741 538 778 547 -
803 499 923 584 aliquid
939 499 1088 581 facerem,
1113 505 1148 563 ut
1163 500 1224 564 hee

43 623 102 665 ne
149 601 302 666 facerem.
353 601 514 665 Letateres
552 601 629 665 wird
667 610 732 665 eret
767 601 818 665 bei
856 602 997 666 Cicero
1032 601 1154 685 hnuflg:
1192 624 1222 684 p.

43 703 205 779 Quinet.
230 705 258 782 1,
281 705 302 768 5
323 703 407 788 quod
430 704 456 766 si
479 708 514 766 tu
537 702 630 766 iudex
653 702 741 767 nullo
764 704 924 786 praesidio
953 703 1053 767 fuisse
1076 703 1223 767 videbere

47 810 188 870 murra
217 806 281 869 vim
309 811 342 869 et
369 805 507 889 gratiam
535 808 592 868 ctt.
636 803 717 867 Hier
752 806 795 868 ist
831 807 915 887 quod
950 805 1055 868 weder
1091 803 1223 888 Subjeet

47 908 160 973 noch
183 908 300 991 Object
321 907 408 971 eines
431 906 549 987 Setzes,
573 906 650 970 aber
672 929 710 969 zu
733 905 866 970 Grande
888 906 968 991 liegt
989 908 1061 991 eine
1086 905 1221 990 Brachy-
1250 888 1254 903 ⁸

48 1010 173 1095 logie,
212 1013 295 1074 etwa
331 1011 427 1072 statt:
471 1007 554 1090 quod
591 1009 617 1071 si
646 1008 813 1091 apparebit
842 1012 874 1071 te
902 1008 1037 1072 indicem
1063 1046 1100 1055 —
1123 1007 1222 1071 fuisse

3 1150 6 1153 -
49 1114 208 1198 („wenn
232 1110 299 1174 sich
323 1110 378 1173 das
399 1108 611 1188 bernusstellt‚
635 1110 707 1173 dass
730 1109 818 1191 du“).
843 1109 916 1175 Und
940 1111 997 1174 auf
1008 1108 1116 1174 eolche
1131 1108 1221 1173 Sata-

50 1212 318 1295 verkttrzungen
341 1210 445 1275 lassen
469 1210 537 1275 sich
560 1211 620 1274 alle
642 1211 693 1274 die
716 1210 836 1277 Stellen
860 1212 1037 1293 reduciren‚
1061 1212 1094 1275 in
1118 1210 1221 1274 denen
1352 1272 1355 1279 ,

52 1316 159 1398 quod
185 1312 270 1378 ohne
292 1312 452 1377 sichtbare
474 1313 724 1397 grammatische
748 1312 960 1398 Verbindung
988 1314 1082 1378 steht.
1128 1312 1220 1376 Verr.

51 1417 107 1493 Il,
142 1419 169 1494 1,
196 1417 235 1478 14
257 1415 341 1498 quod
370 1416 397 1478 si
429 1415 522 1478 illine
555 1415 659 1478 inanis
696 1415 892 1499 profugisses
914 1414 1067 1500 (==qu0d
1090 1415 1117 1478 si
1141 1414 1221 1478 acci·

53 1519 174 1582 disset
195 1522 232 1581 ut
254 1553 293 1563 -
315 1517 539 1603 profugisses).
583 1515 630 1581 lb.
653 1517 693 1580 27
716 1517 800 1600 quod
823 1518 850 1580 si
873 1516 934 1581 boc
957 1517 1024 1580 iure
1042 1553 1080 1562 --
1096 1520 1221 1579 uteren-

51 1629 132 1702 tur,
159 1623 195 1682 ut
218 1622 275 1682 ett.
320 1617 380 1682 Die
404 1617 599 1682 Beliebtbeit
621 1617 746 1682 seleher
760 1618 985 1684 relativischen
1003 1617 1218 1700 Anknttpfun·

56 1744 137 1807 gen
162 1720 248 1803 zeigt
271 1720 441 1783 besonders
463 1719 519 1784 der
542 1721 675 1804 Anfang
698 1721 752 1784 der
775 1719 862 1783 Rede
883 1743 914 1803 p.
936 1719 1018 1782 Mur.
1049 1724 1070 1795 1¹
1097 1721 1112 1781 1
1137 1719 1220 1801 quod

54 1826 91 1888 si
120 1823 179 1887 illa
203 1821 368 1886 sollemnis
397 1823 597 1886 comitiorum
624 1822 766 1905 precatio
790 1827 829 1868 -'
851 1825 975 1886 tantam
1006 1821 1102 1884 babet
1129 1821 1163 1884 in
1187 1841 1220 1884 se

56 1928 138 1991 vim
162 1929 218 1989 ctt.
263 1924 293 2006 2,
316 1924 336 1988 3
359 1924 442 2007 quod
465 1924 492 1987 si
515 1927 549 1987 in
579 1924 618 1988 iis
646 1925 740 1988 rebus
773 1923 956 2008 repetendis
986 1960 1024 1968 -
1048 1923 1075 1987 is
1098 1922 1219 2009 pericu·

59 2030 140 2093 lum
171 2026 280 2091 iudicii
310 2031 472 2109 praestare
506 2025 615 2107 debet,
650 2027 704 2109 qui
736 2029 790 2089 ott.
836 2025 1005 2108 §4quod
1034 2025 1061 2088 si
1085 2047 1102 2089 e
1122 2025 1220 2108 portu

63 2128 272 2195 solventibus
288 2128 321 2210 ii,
338 2128 391 2210 qui
408 2165 458 2204 —,
481 2128 664 2211 praecipere
680 2149 803 2192 summo
819 2125 924 2190 studio
941 2126 1046 2191 solent
1061 2131 1116 2195 att.
1141 2128 1177 2211 (ξ
1199 2128 1220 2191 5

60 2230 157 2317 quod
181 2230 208 2293 si
230 2230 276 2292 ita
299 2233 356 2292 est.
403 2251 449 2312 cp.
484 2230 505 2293 3
541 2251 614 2292 nam
652 2229 736 2313 quod
774 2230 879 2313 legem
912 2228 950 2291 de
984 2228 1107 2292 ambitu
1134 2228 1220 2312 tuli.)

61 2339 85 2417 ξ
114 2333 136 2396 6
160 2332 242 2416 quod
266 2332 293 2394 si
317 2338 385 2395 tum
408 2368 448 2379 —-
474 2333 533 2395 vici
557 2336 716 2396 naturam.
762 2330 796 2416 (ᾗ
819 2331 839 2395 8
866 2331 996 2414 quaesi
1027 2351 1123 2394 causa
1152 2351 1218 2392 non

61 2436 182 2517 esset.)
226 2437 246 2514 ἐ
274 2433 294 2496 9
322 2432 405 2516 quod
444 2433 470 2496 si
508 2433 583 2497 licet
619 2432 764 2496 desinere
803 2470 836 2478 -
872 2453 931 2514 ego
969 2452 1044 2494 vero
1080 2432 1219 2499 libenter

62 2537 193 2600 desino.
239 2535 429 2618 §ll-qnod
453 2535 480 2597 si
503 2536 534 2598 id
562 2535 682 2599 crimen
710 2533 831 2597 homiui
864 2554 945 2596 novo
978 2554 1046 2596 esse
1079 2532 1218 2616 deberet,

66 2638 221 2723 profecto
251 2641 307 2701 ctt.
359 2635 567 2700 Dazwischen
602 2635 714 2700 stehen
748 2634 831 2698 noch
864 2636 981 2698 andere
1017 2633 1218 2698 relativische

62 2740 293 2824 Uebergainge.
325 2777 360 2784 -
386 2737 479 2803 Tusc.
502 2738 538 2819 2,
563 2740 597 2815 2,
620 2738 651 2801 6.
697 2761 728 2802 n.
766 2737 796 2800 d.
829 2740 861 2820 1,
894 2737 946 2814 18,
981 2736 1034 2801 48.
1079 2737 1130 2820 28,
1168 2736 1217 2800 78.

65 2842 159 2907 Lael.
185 2842 234 2922 15,
257 2840 308 2905 53.
354 2839 430 2904 fam.
456 2840 505 2922 13,
527 2841 578 2903 40.
624 2840 706 2903 Dass
741 2839 875 2904 manche
903 2838 1027 2903 Stellen
1056 2839 1127 2902 eine
1150 2837 1215 2902 ad·

66 2943 274 3008 versetive
297 2942 493 3026 Auffassung
515 2942 570 3005 des
592 2944 675 3023 quod
696 2942 855 3023 aulasaen,
885 2941 927 3005 ist
949 2939 1040 3004 nieht
1062 2940 1216 3025 auffnllig,

65 3047 112 3110 dn
134 3046 221 3108 diese
245 3044 435 3128 Bedeutnng
462 3042 544 3107 nueh
571 3049 662 3108 sonst
690 3045 740 3108 bei
768 3043 923 3108 Relativis
947 3042 1144 3125 vorkommt3
1182 3066 1218 3107 se

66 3172 98 3211 z.
123 3146 160 3209 B.
184 3147 258 3210 fani.
285 3146 333 3226 12,
357 3146 399 3208 20
415 3167 474 3230 ego
498 3147 584 3209 enim
607 3145 798 3228 respondere
822 3146 946 3209 facilins
969 3167 1097 3228 possum
1120 3166 1216 3228 quam

66 3269 256 3334 provocare.
301 3246 390 3322 Quod
428 3248 472 3325 si,
511 3251 545 3310 ut
581 3269 629 3330 ee,
666 3247 818 3328 cessabis,
841 3247 997 3310 lacessam
1020 3249 1153 3329 (,‚wenn
1175 3246 1217 3309 dn

67 3351 195 3433 aber“).
240 3348 333 3412 Mehr
355 3371 413 3412 ans
436 3348 548 3432 Cicero
576 3348 787 3426 anzuftihren,
825 3346 974 3412 verlohnt
1010 3348 1079 3411 sich
1114 3348 1215 3412 nieht.

1 3476 2 3479 ¹
68 3456 139 3516 Aua
169 3449 310 3514 anderen
333 3453 480 3515 Antoren
508 3457 658 3534 gentigen
686 3451 738 3514 ein
761 3472 841 3533 paar
863 3448 992 3534 Beldge.
1038 3447 1095 3512 Bei
1121 3447 1215 3513 Cae,-

67 3576 134 3617 sar
155 3554 190 3616 in
214 3552 275 3615 den
298 3550 424 3615 Reden:
470 3552 497 3620 b.
520 3574 552 3636 g.
578 3555 610 3633 1,
642 3555 680 3616 14
702 3553 784 3636 quod
814 3552 841 3615 si
864 3554 980 3615 veteris
1004 3550 1217 3614 contumeliae

68 3654 218 3720 oblivisci
241 3652 345 3719 vellet.
382 3653 425 3716 40
446 3655 529 3738 quod
554 3657 578 3717 si
612 3693 641 3700 —
665 3654 783 3718 bellum
801 3653 971 3734 intulisset,
995 3652 1070 3736 quid
1087 3650 1216 3717 tandem

69 3755 280 3822 vererentur?
323 3753 409 3818 Ibid:
432 3756 513 3838 quod
537 3757 564 3820 si
587 3761 752 3841 praeterea
774 3777 868 3819 nemo
884 3758 1044 3840 sequetur.
1074 3755 1117 3818 44
1131 3754 1215 3839 quod

69 3861 96 3923 si
120 3880 194 3924 eum
217 3856 424 3921 interfecerit.
469 3856 556 3921 ibid:
579 3857 713 3941 quodsi
737 3857 944 3922 discessisset.
969 3860 997 3936 7,
1014 3857 1065 3921 32.
1090 3858 1140 3920 71.
1166 3859 1215 3921 77.

70 4002 109 4012 -
132 3958 227 4027 Sall.
252 3957 322 4024 cat.
346 3958 375 4036 2,
399 3959 428 4028 3,
453 3960 503 4041 58,
530 3960 578 4024 10.
622 3959 696 4044 dug.
725 3964 751 4043 1,
774 3961 803 4024 5.
836 3961 887 4042 31,
914 3960 960 4024 16.
989 3959 1041 4041 85,
1068 3960 1115 4023 17.
1149 3961 1216 4023 Aus

66 4065 209 4132 Livius
232 4060 314 4125 habe
336 4061 387 4126 ich
409 4083 471 4125 nur
493 4063 513 4126 3
536 4059 658 4126 Stellen
680 4064 797 4125 notirt:
828 4062 858 4140 3,
881 4063 932 4142 56,
959 4064 995 4124 11
1019 4059 1102 4145 quod
1125 4061 1153 4123 si
1177 4098 1214 4108 -

64 4170 99 4234 in
138 4162 249 4230 vincla
286 4161 428 4227 dueatur.
472 4165 492 4243 ἓ
526 4162 565 4226 12
592 4163 677 4247 quod
707 4164 734 4226 ei
760 4201 791 4209 ψ
820 4165 990 4227 fateantur.
1034 4162 1091 4244 31,
1114 4162 1216 4245 37,5

61 4270 153 4359 quod
179 4267 208 4331 si
239 4263 369 4328 modum
396 4265 431 4328 in
465 4265 661 4348 insequendo
691 4264 887 4329 habuissent.
933 4264 977 4327 Es
999 4265 1127 4329 seheint
1148 4264 1216 4330 also

58 4374 168 4444 sebon
195 4366 317 4431 dnmals
345 4368 415 4431 eine
442 4366 548 4430 starke
577 4367 746 4431 Abnahme
783 4369 827 4430 im
861 4366 1049 4431 Gebrauche
1086 4370 1216 4433 etattzu·

51 4477 195 4555 finden3
219 4469 300 4534 eben
324 4490 358 4532 eo
380 4469 482 4534 selten
504 4467 571 4533 und
586 4468 660 4535 sehr
675 4473 831 4535 zeretreut
845 4469 896 4533 bei
913 4449 1087 4553 Spiiteren:
1111 4468 1215 4535 Ourt.
