2850 5062
680 302 910 366 -610-

225 458 280 536 10,
303 457 345 521 43
369 456 453 540 quod
476 494 518 505 -
540 461 663 520 tactum
685 458 736 519 est
756 459 789 519 et
810 455 864 519 ille
892 454 1049 519 adiunxit.
1096 454 1167 518 Cat.
1197 456 1235 536 2,
1267 455 1301 537 8,
1328 456 1358 519 ll

221 560 260 622 de
290 580 327 622 eo
355 559 462 635 hoste,
499 558 553 642 qui
584 558 648 622 iam
680 556 802 621 fatetur
833 560 876 603 —'
908 561 941 622 et
974 595 1014 604 —
1049 577 1118 620 nou
1153 555 1251 620 timeo
1279 558 1318 639 (i.
1335 579 1358 620 e.

229 666 261 724 et
284 661 404 743 quem).

308 762 439 846 bidus
472 762 546 825 dem
568 763 645 826 Acc.
668 758 724 824 der
751 757 954 823 Nominativ:
998 759 1082 823 Ter.
1116 759 1179 823 Ad.
1213 758 1255 821 84
1281 780 1362 841 quern

227 885 331 948 neque
353 863 451 946 pudet
478 862 652 948 quidquam
680 883 741 925 nec
769 862 883 925 metuit
910 883 1111 945 quemquam.
1161 860 1240 926 Cic.
1264 860 1301 922 de
1324 881 1361 922 or.

226 969 258 1045 l,
288 965 347 1041 36,
381 966 439 1029 165
470 965 546 1029 haec
568 1003 609 1011 —
632 985 714 1046 quae
747 984 850 1046 neque
884 983 944 1047 ego
976 966 1073 1028 teneo
1102 1001 1143 1010 —
1171 983 1275 1047 neque
1300 967 1363 1024 suot

225 1068 292 1130 eius
321 1067 466 1151 generis,
499 1069 536 1131 11
563 1069 618 1130 ctt.
664 1064 757 1130 Sall.
781 1064 858 1149 dog.
884 1065 937 1146 14,
974 1066 1012 1128 16
1047 1066 1175 1144 omnia,
1209 1085 1289 1148 quae
1318 1068 1364 1125 aut

223 1169 315 1231 amisi
348 1171 404 1232 aut
431 1189 469 1232 ex
499 1167 685 1232 necessariis
714 1166 849 1231 advorsa
880 1166 966 1230 facta
994 1171 1078 1231 sunt
1131 1166 1187 1247 31,
1218 1165 1258 1229 18
1285 1164 1359 1248 quod

222 1269 324 1355 magis
347 1290 403 1334 vos
425 1269 539 1334 fecisse
568 1265 662 1353 quam
690 1267 755 1333 illis
783 1268 936 1332 accidisse
958 1267 1128 1352 indignum
1153 1270 1211 1331 est.
1259 1267 1365 1345 101,1

222 1393 302 1455 quos
328 1370 432 1435 Volux
457 1369 633 1437 adduxerat
656 1391 759 1453 neque
780 1407 823 1416 —
844 1369 1011 1433 affuerant.

308 1478 333 1551 cl
358 1475 426 1537 Aus
449 1472 520 1537 dem
543 1472 677 1536 Genetiv
700 1474 756 1535 der
778 1471 950 1537 Accusativ
972 1471 1049 1535 oder
1066 1469 1273 1534 Nominativ:
1295 1468 1361 1534 Cic.

92 1636 95 1643 .
224 1575 258 1637 in
281 1573 355 1639 Vat.
374 1574 422 1652 10,
449 1575 489 1637 14
510 1572 676 1653 Bibulum,
702 1574 791 1638 cuius
813 1571 991 1636 inclusione
1015 1576 1187 1638 contentus
1210 1594 1277 1635 non
1298 1593 1366 1650 eras,

223 1675 285 1758 (sc.
309 1675 417 1761 quem)
439 1675 619 1739 interficere
641 1675 796 1758 volueras,
820 1713 858 1722 -
882 1673 987 1757 patria
1008 1675 1135 1757 privare
1158 1674 1318 1757 cupiebas.
1335 1710 1364 1718 —

224 1776 292 1842 Der
313 1777 444 1842 Nomin.
470 1775 620 1866 unsicher
643 1775 692 1841 bei
716 1775 796 1844 Liv.
819 1777 848 1859 9,
874 1779 902 1859 1,
925 1777 954 1840 9.

308 1879 342 1964 d)
366 1883 434 1943 Aue
457 1879 528 1943 dem
551 1878 649 1943 Dativ
666 1877 728 1941 der
751 1878 939 1941 Accusativ:
973 1875 1053 1942 Cic.
1077 1877 1131 1940 off.
1154 1877 1185 1957 2,
1212 1878 1243 1954 6,
1265 1877 1303 1940 21
1325 1875 1369 1939 coi

98 2050 103 2057 ,
225 1980 321 2045 fidem
342 1979 464 2045 habent
486 1985 519 2044 et
541 1980 621 2045 bene
642 1979 738 2043 rebus
759 1980 826 2043 suis
850 1979 1014 2043 consulere
1037 1978 1250 2042 arbitrantur.
1295 1978 1368 2041 Lis.

226 2082 275 2162 10,
298 2081 351 2162 29,
373 2082 393 2146 3
416 2080 468 2145 cui
495 2119 528 2129 -
553 2080 730 2145 tradiderat
751 2080 950 2163 iusseratque
973 2083 1028 2145 ctt.

308 2186 338 2262 e)
362 2183 428 2248 Aue
451 2182 522 2248 dem
545 2182 678 2248 Ablativ
701 2182 758 2246 der
778 2181 983 2247 Nominativ:
1021 2181 1099 2247 Cic.
1125 2180 1220 2248 Verr.
1242 2183 1281 2265 4,
1303 2183 1333 2263 5,
1355 2183 1373 2244 9

224 2306 287 2370 quo
310 2289 343 2349 et
364 2305 476 2349 omnes
498 2284 620 2349 utimur
642 2288 674 2348 et
695 2305 760 2348 non
784 2286 956 2369 praebetur
977 2306 997 2348 a
1019 2282 1151 2367 populo.

308 2389 430 2470 fiAus
452 2385 497 2451 de
519 2408 547 2451 c.
572 2385 634 2451 abl.
663 2385 719 2451 der
740 2385 944 2451 Nominativ:
988 2384 1042 2450 Ib.
1066 2388 1088 2466 ξ
1115 2386 1158 2448 64
1185 2384 1227 2448 de
1256 2405 1319 2468 quo
1348 2390 1378 2448 et

228 2511 284 2555 vos
307 2490 442 2553 audistis
464 2527 504 2537 -
527 2493 561 2553 et
583 2508 681 2572 usque
703 2487 743 2552 ad
766 2487 895 2567 ultimas
919 2491 1019 2551 terras
1041 2489 1258 2571 pervagatum
1281 2492 1340 2551 est.

312 2594 348 2676 g)
372 2594 441 2655 Aus
464 2590 534 2655 dem
559 2589 655 2654 Dativ
677 2589 734 2654 der
754 2588 960 2654 Nominativ:
990 2588 1043 2656 Pl.
1067 2587 1149 2652 Rud.
1172 2587 1238 2651 291
1264 2589 1379 2671 quibua

227 2712 285 2755 nec
314 2695 464 2776 quaestus
496 2697 546 2757 est
573 2712 633 2756 nec
664 2695 765 2754 artem
799 2691 938 2755 didicere
971 2690 1080 2756 ullam.
1125 2689 1206 2754 Cic.
1230 2689 1328 2754 Tuae.
1354 2695 1379 2772 l,

223 2791 282 2874 30,
314 2792 354 2857 12
384 2792 562 2878 quibusque
590 2792 705 2857 fuisset
734 2793 868 2857 minima
897 2815 970 2857 cum
1001 2791 1191 2875 corporibus
1226 2792 1380 2877 contagio

224 2915 355 2978 seseque
387 2895 429 2959 ab
460 2896 500 2960 iis
531 2916 657 2978 semper
690 2896 935 2960 sevocavissent
991 2893 1088 2958 Bell.
1119 2894 1234 2958 Alex.
1264 2895 1309 2959 56
1336 2899 1381 2974 ut,

225 2996 340 3080 quibus
369 2997 522 3080 pecunias
551 2997 740 3080 imperasset
768 3018 872 3082 neque
905 2996 1133 3073 contulissent,
1175 3016 1211 3059 se
1246 2996 1383 3064 adirent

223 3096 327 3163 Lact.
350 3100 380 3177 5,
407 3100 433 3176 1,
458 3100 498 3163 13
519 3119 616 3163 sanae
638 3102 772 3180 mentes,
796 3098 912 3182 quibus
935 3099 1055 3162 veritas
1077 3097 1207 3181 placeat
1230 3102 1265 3161 et
1288 3120 1379 3163 mon-

223 3203 358 3264 stratum
387 3201 447 3265 iter
475 3205 508 3264 et
534 3201 665 3265 videant
692 3205 724 3264 et
751 3205 936 3285 sequantur.
982 3198 1144 3265 Unsicher
1165 3199 1219 3263 bei
1244 3199 1329 3266 [riv.
1353 3203 1383 3279 7,

224 3302 276 3384 23,
300 3302 320 3365 9
342 3301 457 3385 quibus
480 3307 537 3366 aut
559 3322 692 3385 corpora
714 3302 869 3366 transfixa
891 3307 948 3367 aut
971 3340 1008 3350 -
1033 3301 1192 3386 gerebant
1216 3307 1323 3367 scuta.

306 3403 343 3485 h)
372 3404 442 3467 Aus
472 3403 542 3466 dem
574 3406 689 3467 Aecus.
720 3403 777 3467 der
809 3392 919 3468 Dativ:
963 3403 1018 3469 Pl.
1046 3401 1169 3489 dmph.
1202 3402 1270 3470 425
1304 3427 1384 3469 narn

222 3505 307 3588 quod
331 3508 460 3589 egomet
482 3506 568 3568 solus
590 3504 653 3568 feci
674 3525 735 3568 nec
757 3505 927 3589 quisquam
955 3506 1035 3570 alius
1058 3506 1174 3571 adluit.
1221 3506 1302 3572 Cic.
1327 3509 1381 3572 off.

222 3606 253 3684 2,
276 3606 306 3689 7,
328 3607 370 3671 23
392 3604 488 3670 huius
510 3606 640 3690 tyranni
662 3643 703 3653 -
727 3627 822 3690 quem
845 3608 942 3670 armis
964 3629 1120 3691 oppressa
1141 3609 1281 3693 pertulit
1303 3610 1382 3674 ciri-

219 3711 270 3771 tas
293 3711 448 3791 paretque
472 3729 545 3772 cum
569 3745 607 3755 -
631 3707 768 3771 maxime
791 3712 927 3776 mortuo.

308 3809 334 3893 i)
356 3811 427 3872 Aus
447 3809 521 3873 dem
542 3807 674 3874 Nomin.
699 3809 755 3873 der
776 3810 924 3874 Ablativ:
948 3809 1123 3894 Capitol.
1150 3812 1237 3877 Pert.
1264 3815 1281 3876 1
1307 3835 1382 3897 pro

222 3909 324 3974 sessus
352 3914 402 3974 est
428 3910 549 3974 nullius
578 3932 612 3975 se
643 3910 803 3974 aditurum
826 3911 1051 3994 hereditatem,
1081 3934 1165 3997 quae
1186 3920 1248 3978 aut
1269 3914 1382 3978 adula-

221 4011 309 4076 tione
331 4011 466 4076 alicuius
488 4001 597 4077 delata
620 4015 755 4076 esset-
774 4021 830 4077 aut
852 4013 987 4098 legitimi
1010 4015 1143 4078 heredes
1158 4016 1380 4100 privarentur.

305 4114 343 4201 k)
366 4116 434 4178 Aus
463 4115 535 4178 dem
563 4112 659 4178 Nom.
691 4113 747 4177 der
776 4113 856 4178 Gen.
884 4114 974 4196 (oder
1003 4113 1109 4197 Daras
1154 4117 1241 4180 Ter.
1273 4118 1379 4181 Andr.

221 4216 262 4280 66
283 4217 338 4298 qui
360 4215 562 4281 conflictatur
584 4237 688 4300 neque
711 4219 929 4280 commovetur
950 4216 1085 4281 animus.

306 4319 334 4384 2.
378 4317 443 4381 Der
480 4317 725 4403 Uebergang
764 4339 848 4383 vom
884 4317 1048 4383 Relativ
1082 4341 1166 4383 zum
1203 4318 1378 4383 Demon-

222 4418 365 4482 strativ
399 4421 449 4483 bei
484 4418 725 4502 ungleichcr
754 4419 938 4485 Oasusform
960 4420 1083 4505 (selben
1114 4420 1164 4484 bei
1194 4420 1375 4505 gleicher),
