2956 5054
254 455 288 518 in
322 454 384 520 den
420 454 670 519 Dichterstellen
703 451 911 519 unmittelbar
943 454 1027 520 nach
1061 456 1117 519 der
1144 456 1322 535 Aurede,
1356 476 1409 518 um

254 557 340 622 diese
361 578 400 620 zu
423 557 608 621 motirireu:
637 556 728 641 Virg.
750 558 789 620 A.
817 560 849 639 1,
873 557 933 621 731
955 558 1084 641 Jupiter
1105 556 1309 642 (hospitibus
1332 577 1409 619 nam

254 660 287 722 te
309 657 382 722 dare
404 658 474 723 iura
497 657 694 743 loquuntur).
738 659 768 736 3,
792 659 864 723 374.
910 657 990 726 Hor.
1013 658 1063 722 od.
1087 659 1118 738 3,
1143 661 1197 735 ll,
1224 661 1239 721 l
1265 657 1409 722 Mercuri

254 763 341 838 (nam
372 762 404 823 te
432 759 544 825 docilis
572 761 753 845 magistro).
805 758 896 844 epod.
927 760 975 842 17,
998 760 1050 824 45.
1097 759 1179 824 Orid
1208 764 1285 824 met.
1323 764 1352 841 1,
1376 761 1408 823 2.

254 858 299 924 Ζ3
322 861 506 926 demselben
524 861 658 927 Zweeke
680 863 771 926 dient
793 862 874 926 auoh
897 882 1035 943 reumque
1056 861 1120 925 und
1143 881 1243 944 neque
1264 862 1363 927 errim.

342 962 377 1045 b)
401 962 512 1028 Selteu
540 964 620 1028 wird
648 963 750 1028 naoh
777 963 866 1028 einer
887 962 1082 1027 Parentbese
1104 963 1223 1028 wieder
1246 963 1309 1026 mit
1330 984 1410 1029 nam

253 1063 472 1149 angeknilpft,
504 1065 675 1130 seheinbar
708 1068 790 1130 statt
820 1066 874 1129 sed
903 1063 980 1128 oder
1009 1066 1124 1148 ipitwr,·
1156 1064 1247 1129 eitirt
1274 1064 1408 1130 werden

253 1188 314 1230 nur
336 1166 415 1229 zwei
436 1166 575 1233 Stellen:
599 1166 665 1234 cio.
681 1191 711 1251 p.
734 1166 844 1231 Plano.
867 1168 920 1247 41,
944 1166 985 1230 98
1008 1166 1221 1249 simulatque
1243 1188 1334 1231 mare
1356 1158 1410 1231 me

252 1268 406 1332 transisse
428 1270 582 1354 cognorit
603 1269 703 1352 (audi,
725 1267 798 1332 audi
821 1271 916 1352 atque
939 1266 1069 1331 attende
1086 1309 1123 1317 -
1140 1267 1306 1351 oportere)
1329 1290 1410 1332 nam

252 1369 347 1434 simul
370 1392 408 1435 ao
430 1392 481 1435 me
503 1369 716 1454 Dyrrachium
745 1369 892 1454 attigisse
921 1367 1057 1450 audivit,
1086 1370 1196 1433 statim
1226 1367 1267 1433 ad
1291 1392 1342 1435 me
1366 1407 1408 1417 -

252 1473 413 1555 profectus
436 1476 495 1536 est.
526 1470 606 1537 Hier
627 1471 788 1537 sohwebte
803 1472 874 1536 dem
891 1469 1003 1537 Cicero
1018 1470 1075 1534 der
1089 1469 1201 1535 Inhalt
1216 1469 1272 1535 der
1287 1470 1410 1537 Paren-

252 1571 343 1639 these
378 1594 443 1657 ror,
473 1574 520 1638 als
553 1595 588 1637 er
619 1574 680 1637 mit
707 1594 784 1639 uam
813 1575 846 1637 in
875 1571 1094 1637 erklitrendem
1123 1569 1223 1636 Siune
1252 1573 1411 1640 fortfuhr.

254 1675 383 1740 Anders
406 1675 457 1739 bei
480 1675 633 1740 Livius:
663 1676 720 1759 22,
748 1675 789 1739 28
818 1674 935 1758 duplex
957 1673 1031 1759 inde
1052 1672 1230 1737 Hannibali
1252 1676 1412 1759 gaudium

252 1777 314 1841 fuit
335 1778 451 1862 (neque
474 1778 559 1843 enirn
582 1776 754 1861 quidquam
776 1814 816 1824 -
840 1776 1092 1860 explorantem),
1115 1796 1191 1838 nam
1215 1781 1249 1839 et
1270 1776 1413 1841 liberam

253 1877 376 1943 Minuci
398 1879 612 1943 temeritatem
641 1901 675 1943 se
698 1901 755 1944 suo
778 1877 872 1942 modo
895 1880 1096 1961 captaturum
1127 1879 1159 1940 et
1186 1881 1244 1941 ett.
1289 1876 1411 1943 Hierin

253 1978 333 2065 liegt
353 1980 462 2045 niehts
484 1979 699 2064 Besonderes,
729 1981 801 2045 weil
829 1977 1010 2064 regelreeht
1037 1978 1092 2042 das
1115 1998 1184 2041 vor
1205 1981 1263 2043 der
1285 1979 1412 2045 Paren-

254 2079 344 2145 these
367 2080 529 2147 Stehende
552 2081 671 2147 erklirt
693 2082 782 2147 wird.

326 2160 371 2265 'ul
395 2182 457 2248 Mit
477 2205 555 2249 uum
577 2186 662 2266 quod
682 2183 858 2248 odernam
878 2182 961 2247 illud
984 2182 1061 2247 wird
1083 2182 1140 2247 der
1161 2183 1293 2268 Beginn
1316 2185 1412 2250 einer

252 2283 497 2369 Exposition
530 2285 722 2370 eingeleitet
775 2285 816 2350 So
850 2284 987 2368 beginnt
1018 2284 1172 2350 Terenz
1206 2286 1251 2349 im
1284 2285 1412 2372 Prolog

253 2385 308 2450 des
337 2385 453 2452 Heaut.
476 2409 505 2451 v.
534 2388 570 2451 16
593 2389 681 2451 seiue
705 2385 962 2471 Verueidigung
984 2388 1043 2450 mit
1065 2386 1127 2451 den
1150 2384 1305 2452 Worteu:
1328 2410 1410 2453 nam

253 2489 337 2572 quod
360 2482 502 2553 rumores
524 2489 715 2554 distulerunt
737 2474 895 2554 malevoli.
927 2487 1004 2553 Cic.
1028 2487 1113 2553 Phil.
1130 2487 1160 2570 8,
1184 2489 1205 2551 5
1228 2510 1303 2552 uam
1320 2492 1410 2574 quod

254 2611 304 2654 me
327 2594 432 2654 tecum
456 2591 607 2655 iracunde
629 2611 725 2675 agere
748 2590 856 2654 dixisti
878 2590 994 2672 solere,
1017 2611 1082 2654 non
1104 2593 1153 2653 est
1175 2590 1230 2653 ita.
1275 2593 1353 2658 sam.
1380 2596 1408 2670 l,

253 2692 290 2772 9,
323 2691 362 2756 19
394 2714 470 2756 nam
499 2691 538 2756 de
567 2693 672 2777 Appio
700 2692 784 2776 quod
812 2691 924 2757 soribis
945 2729 988 2741 -
1009 2696 1041 2756 te
1070 2712 1136 2755 uon
1158 2691 1408 2776 reprehendere,

252 2793 377 2876 gaudeo
400 2793 460 2857 tibi
483 2793 651 2858 consilium
675 2793 801 2877 probari
824 2814 939 2856 meum.
985 2793 1078 2857 Eben
1102 2814 1138 2856 so
1160 2793 1198 2875 2,
1226 2793 1280 2876 16,
1317 2796 1352 2859 5.
1379 2797 1409 2880 7,

251 2893 308 2975 32,
337 2895 366 2958 2.
416 2895 484 2959 Ati.
512 2895 549 2977 3,
578 2898 630 2973 15,
658 2895 688 2959 2.
733 2894 769 2976 9,
799 2896 865 2976 23,
894 2894 989 2957 2.-
1015 2894 1077 2958 Mit
1098 2894 1286 2979 fulgendum
1307 2896 1410 2962 illud:

254 3018 285 3079 p.
310 2995 436 3062 Cluent.
465 2997 507 3060 46
535 3017 610 3061 nam
638 2996 716 3060 illud
745 2995 872 3080 quidem
895 2995 1025 3059 minime
1046 2995 1247 3085 probandum
1272 3001 1321 3061 est
1346 3003 1407 3063 ott.

252 3097 337 3182 legg.
361 3099 391 3182 2,
416 3102 465 3179 11,
489 3099 530 3163 28
554 3119 628 3161 nam
650 3097 729 3161 illud
752 3098 900 3161 vitiosum
928 3095 1064 3160 Athenis
1087 3097 1169 3180 quod
1194 3134 1233 3146 -
1257 3098 1411 3165 fecerunt

252 3200 474 3265 Contumeliae
502 3200 624 3264 fanum.
668 3199 707 3263 de
733 3219 777 3263 or.
810 3201 841 3280 l,
873 3198 927 3280 16,
956 3200 1007 3262 11.
1057 3199 1145 3263 Aber
1172 3198 1409 3265 3131113131-

251 3303 379 3385 genden
401 3303 480 3366 zwei
503 3301 640 3379 Stellen,
663 3322 713 3364 wo
736 3303 804 3365 ium
825 3300 956 3386 gelesen
978 3300 1072 3364 wird:
1102 3299 1193 3364 Verr.
1216 3301 1248 3383 5,
1275 3301 1327 3386 19,
1351 3303 1408 3368 48.

251 3404 306 3467 fin.
330 3404 360 3486 2,
382 3403 434 3485 32,
461 3403 529 3467 104.

337 3506 370 3587 (1)
394 3505 478 3570 Dass
507 3505 559 3569 ein
590 3502 794 3568 erkliirender
823 3503 897 3568 Sata
925 3502 1003 3568 oder
1031 3503 1083 3567 ein
1112 3502 1206 3567 Theil
1234 3504 1407 3571 desselben

252 3606 426 3690 ebermals,
443 3607 477 3671 in
496 3606 552 3670 der
566 3605 668 3689 Regel
679 3604 794 3687 jedoeh
812 3605 870 3668 mit
888 3604 1144 3689 Abweehselung
1161 3625 1224 3668 von
1242 3627 1322 3670 uum
1338 3609 1406 3671 und

252 3710 345 3790 33131,
370 3709 463 3773 einen
480 3707 691 3772 erkliirenden
709 3705 822 3770 Zusatz
838 3705 954 3787 erhilt,
975 3705 1102 3770 scheint
1116 3704 1209 3770 nicht
1222 3710 1406 3792 anstiissig:

253 3808 330 3873 Cio.
360 3832 391 3892 p.
420 3809 525 3874 Deiot.
573 3808 624 3883 12,
653 3808 695 3872 34
727 3829 805 3875 uum
838 3807 876 3871 de
908 3811 1014 3871 statua
1046 3807 1117 3891 quis
1144 3808 1305 3891 queritur,
1337 3831 1407 3874 una

253 3913 450 3996 praesertim,
474 3932 545 3984 oum
566 3913 633 3973 tam
655 3908 772 3973 multas
795 3908 921 3977 videat?
959 3906 1064 3972 Valde
1085 3911 1170 3974 enim
1191 3909 1406 3976 inridendum

253 4016 302 4078 est
323 4014 391 4078 eius
412 4012 536 4091 statuis,
561 4010 649 4074 ouius
671 4011 809 4095 tropaeis
831 4031 896 4074 nou
919 4008 1108 4074 invidimus!
1153 4008 1292 4075 Nomai
1314 4011 1406 4078 loeus

253 4114 346 4178 affort
372 4114 541 4189 invidiam,
569 4111 676 4177 nullus
703 4112 792 4176 loeus
821 4119 869 4176 est
895 4112 934 4175 ad
963 4115 1102 4175 statuam
1131 4111 1260 4194 quidem
1288 4116 1406 4179 rostris

253 4216 376 4281 clarior.
407 4215 497 4279 Brut.
517 4215 565 4296 18,
590 4215 628 4276 ll
652 4215 699 4277 sic
720 4214 806 4278 enim
829 4227 896 4276 sese
918 4234 969 4276 res
991 4211 1102 4296 habet3
1126 4234 1201 4277 nam
1217 4218 1251 4278 et
1265 4213 1405 4300 Odyssia

253 4322 308 4382 ott.
354 4317 446 4381 Tuso.
475 4317 507 4397 4,
533 4317 581 4394 17,
608 4316 649 4379 37
678 4315 752 4398 quid
781 4314 865 4379 enim
891 4352 925 4361 -
951 4337 1025 4378 uum
1053 4314 1128 4398 quid
1160 4320 1224 4379 aut.
1253 4338 1284 4380 n.
1316 4316 1346 4381 d.
1371 4318 1402 4401 2,

255 4420 303 4499 12,
326 4419 367 4483 31
391 4416 564 4502 namquid
591 4420 760 4500 potest-
783 4415 947 4481 audiamus
977 4416 1062 4482 enim
1085 4415 1264 4483 Platonem.
1309 4417 1402 4483 Eben
