3000 5054
694 310 925 375 -712-

236 465 329 529 bonis
355 463 459 527 laudis
486 465 519 527 et
546 462 686 546 gloriae,
715 463 860 546 quamvis
887 484 954 527 non
984 464 1141 546 sentiant,
1170 466 1296 529 mortui
1319 487 1392 530 non

236 570 355 631 carent.
400 563 485 627 Lael.
510 567 530 645 ς
553 564 593 628 97
623 585 815 648 quamquam
843 564 905 628 ista
926 564 1120 648 adsentatio,
1143 567 1294 651 quamvis
1317 589 1393 650 per-

237 668 359 732 niciosa
382 667 433 748 sit,
458 687 575 729 nocere
598 670 707 730 515511
729 665 851 729 11551111
874 671 988 750 potest.

320 770 350 853 o)
373 766 446 832 Etsi
467 805 508 814 -
530 769 692 849 quamuis:
726 765 806 833 Cic.
829 769 897 831 511.
924 768 972 849 16,
997 769 1026 850 l,
1048 771 1069 832 2
1091 769 1152 833 etsi
1175 770 1391 856 (‚,freilich“)‚

235 871 379 954 quamvis
408 891 475 933 non
499 870 597 934 fueris
625 890 737 934 suasor
760 907 810 950 -,
834 870 1029 954 approbator
1056 875 1141 935 certe
1168 870 1269 935 luisti.
1320 874 1391 938 An-

236 973 308 1037 ders
330 972 380 1035 bei
404 970 482 1035 hir.
504 972 533 1050 5,
557 971 608 1047 42,
626 971 644 1035 7
667 971 748 1035 nihil
771 975 878 1035 tamen
896 971 1111 1036 -11515111111
1131 973 1269 1054 animos,
1294 976 1390 1057 quin,

236 1075 296 1139 etsi
319 1073 427 1138 omnia
449 1073 587 1137 flammis
617 1077 752 1156 aequata
780 1072 949 1156 vidissent,
980 1074 1124 1157 quamvis
1157 1074 1291 1158 inopem
1315 1098 1390 1159 par·

234 1198 372 1260 rumque
390 1213 426 1222 —
444 1175 560 1240 collem
582 1175 700 1253 virtute
722 1174 933 1239 defenderent
955 1178 1018 1256 (wo
1033 1176 1177 1259 quamvis
1200 1179 1288 1241 ohne
1306 1177 1389 1242 Ver·

233 1279 309 1343 bum
332 1276 442 1362 steht).

318 1381 348 1444 2.
372 1379 436 1443 Eia
460 1377 801 1463 Bedingungsaatz
830 1379 967 1463 beginnt
995 1379 1046 1443 die
1069 1380 1214 1457 Perinde,
1237 1403 1273 1445 es
1296 1381 1388 1467 folgt

234 1483 373 1548 etiamsi:
396 1480 473 1546 Cic.
498 1481 561 1545 div.
588 1480 609 1544 2
631 1485 651 1562 ξ
673 1481 709 1543 21
746 1485 801 1544 aut
829 1481 928 1565 igitur
957 1503 1022 1546 non
1051 1482 1119 1546 fato
1142 1482 1271 1547 interiit
1295 1505 1387 1549 exer·

235 1585 380 1649 citus-
403 1587 458 1647 aut
484 1581 618 1665 aifatu,
646 1582 744 1646 etiam
767 1583 794 1646 si
817 1583 1069 1665 obtemperasset
1091 1583 1262 1667 auspiciis,
1298 1586 1387 1651 idem

234 1690 421 1750 eventurum
443 1684 565 1747 fuisset.
611 1684 713 1765 (Aber
735 1684 826 1748 nieht
847 1684 939 1747 mehr
960 1707 990 1768 p,
1014 1683 1083 1768 hig.
1108 1687 1128 1765 ξ
1151 1684 1204 1766 25,
1227 1709 1280 1751 wo
1301 1688 1389 1771 jetzt

234 1788 348 1852 anders
384 1785 604 1870 interpungirt
630 1784 737 1867 wird.)
782 1785 878 1850 Catil.
905 1786 925 1848 2
952 1790 972 1868 g
998 1784 1040 1849 23
1074 1786 1127 1870 qui
1155 1789 1222 1852 11151
1250 1795 1384 1870 exeunt,

232 1890 296 1953 nisi
319 1891 463 1973 pereunt,
487 1887 584 1952 etiam
607 1888 634 1950 si
658 1887 798 1952 Catilina
819 1888 960 1970 perierit,
984 1887 1097 1952 scitote
1120 1892 1175 1952 ctt.

319 1992 349 2055 3.
373 1990 438 2054 Der
454 1988 635 2073 Hauptsatz
657 1989 737 2074 geht
752 1989 879 2054 vorauf:
902 1989 956 2056 fin.
979 1991 1008 2067 3,
1024 1991 1054 2073 5,
1072 1990 1110 2053 11
1132 2011 1212 2074 quos
1227 1991 1389 2059 delectari

232 2093 386 2175 videmus,
409 2092 505 2155 etiam
528 2091 555 2154 si
578 2112 686 2156 eorum
710 2090 788 2155 nihil
813 2091 951 2172 intersit,
975 2091 1098 2174 siquid
1121 2095 1246 2158 ratione
1270 2117 1330 2178 per
1351 2118 1388 2160 55

232 2194 294 2278 ipsi
318 2193 510 2257 invenerint.

318 2298 338 2376 ξ
360 2295 434 2359 510.
477 2292 539 2358 Die
561 2294 742 2378 temporale
764 2294 907 2358 Partikel
930 2315 1008 2378 cum,
1032 2295 1111 2359 11551
1132 2295 1230 2361 deren
1254 2299 1387 2364 causale
1419 2357 1421 2363 .

234 2396 424 2480 Bedeutung
445 2400 465 2477 ξ
481 2396 544 2460 534
566 2395 712 2478 handelt,
735 2396 814 2460 wird
830 2395 910 2460 auch
925 2397 969 2469 111Ι
983 2396 1280 2464 adversativam
1305 2401 1384 2465 und

232 2500 504 2564 concessivam
533 2495 631 2561 Sinne
664 2497 851 2581 gebraucht.
903 2497 969 2563 Der
996 2498 1110 2563 Modus
1143 2502 1187 2564 ist
1215 2501 1260 2564 im
1293 2502 1384 2566 alten

233 2601 344 2666 hatein
372 2599 429 2664 der
456 2599 631 2681 Indicativ,
667 2599 726 2663 wie
754 2599 896 2663 51155511
926 2599 957 2665 S.
991 2600 1156 2665 117-123
1192 2605 1384 2684 nachweist,

231 2703 339 2767 indam
367 2723 401 2766 er
423 2722 480 2765 aus
502 2700 636 2765 Plautus
658 2700 710 2779 25,
742 2722 798 2764 aus
821 2699 943 2765 Tercnz
964 2703 985 2766 3
1007 2701 1129 2766 Stellen
1152 2704 1297 2786 anfiihrt,
1320 2709 1383 2771 wie

230 2827 257 2868 z.
280 2803 318 2867 B.
342 2801 395 2866 Pl.
418 2802 504 2866 Men.
527 2802 588 2867 831
612 2801 664 2866 hei
687 2801 781 2880 mihi,
811 2803 952 2868 insanire
973 2825 1024 2867 me
1047 2804 1147 2886 aiunt,
1173 2804 1259 2869 ultro
1283 2830 1384 2892 quom

231 2905 292 2989 ipsi
314 2905 490 2969 insaniunt.
527 2903 625 2969 Persa
642 2904 713 2969 173.
751 2908 835 2989 capt.
858 2905 922 2970 255
944 2905 999 2988 qui
1021 2909 1111 2969 cavet
1132 2927 1173 2970 nc
1189 2906 1382 2994 decipiatur,

231 3007 285 3071 vix
307 3011 415 3089 cavet,
444 3028 540 3090 quom
572 3006 669 3071 etiam
698 3010 798 3070 cavet.
843 3005 1010 3071 1151378
1036 3029 1065 3091 q.
1089 3007 1247 3073 scribatis.
1296 3011 1382 3078 Ter.

230 3108 358 3174 Phorm.
381 3108 423 3172 22
446 3109 484 3172 (15
512 3107 566 3172 1110
595 3109 660 3172 iam
688 3108 784 3171 finem
815 3107 929 3173 faciam
958 3108 1084 3174 dicendi
1106 3111 1200 3190 mihi,
1224 3114 1384 3195 peccandi

229 3232 327 3294 quom
342 3212 411 3295 ipse
426 3210 465 3276 de
481 3233 515 3274 se
530 3210 625 3274 linem
642 3231 709 3274 non
726 3209 826 3273 facit?
849 3211 933 3275 Eun.
948 3210 1012 3275 243
1024 3211 1132 3275 omnia
1147 3210 1259 3290 habeo,
1276 3237 1384 3300 neque

230 3312 402 3397 quidquam
418 3312 535 3397 habe03
558 3313 605 3377 nil
620 3335 650 3396 q.
667 3314 1008 3396 5511111115111155511.
1046 3312 1115 3376 Der
1129 3312 1383 3398 Conjunctiv

236 3435 299 3478 nur
320 3414 391 3478 Ter.
416 3415 477 3480 Ad.
503 3415 562 3479 166
585 3415 728 3499 indignis
751 3438 779 3499 q.
803 3418 932 3500 egomet
953 3415 1013 3479 515
1036 3419 1186 3498 acceptus
1208 3418 1324 3484 modis.

315 3515 388 3580 Von
416 3517 456 3580 da
484 3517 525 3581 ab
553 3517 596 3580 ist
624 3517 679 3580 dar
701 3517 896 3601 Oonjunctiv
923 3518 979 3581 der
1008 3516 1105 3580 allein
1128 3517 1382 3587 vorkommende

229 3608 359 3681 Modus:
392 3616 469 3683 Cic.
492 3619 556 3683 inv.
583 3620 609 3700 1,
632 3618 654 3681 4
677 3617 824 3683 videntur
847 3619 1011 3699 homines,
1043 3640 1115 3683 cum
1145 3620 1255 3684 multis
1283 3623 1382 3689 rebus

229 3718 420 3783 infirmiores
442 3720 517 3802 sint,
541 3720 600 3784 hac
622 3742 657 3784 15
679 3721 816 3786 maxime
840 3721 950 3786 bestiis
975 3725 1151 3811 praestare,
1175 3723 1271 3806 quod.

313 3818 405 3884 Verr.
428 3819 470 3903 Π,
498 3825 512 3885 l
536 3825 556 3902 §
578 3823 620 3887 55
643 3844 778 3907 quorum
802 3825 928 3903 domus,
957 3845 1027 3890 cum
1057 3823 1179 3888 honore
1202 3828 1235 3888 et
1258 3827 1381 3894 virtute

228 3922 396 4001 florerent,
425 3924 526 4008 signis
556 3962 596 3971 -
627 3929 720 3990 erant
750 3948 876 3992 vacuae.
921 3925 1014 3991 Tusc.
1043 3929 1107 4008 δέ
1134 3926 1187 3991 58.
1216 3926 1256 3991 de
1288 3932 1380 3995 or.3

229 4027 248 4105 ξ
272 4024 322 4088 60.
367 4023 461 4088 Noch
490 4025 668 4092 deutlicher
689 4028 750 4092 mit
771 4033 876 4093 tamea
897 4029 942 4092 im
964 4027 1158 4093 Nachsatze:
1191 4029 1213 4090 2
1235 4033 1256 4111 ξ
1280 4031 1317 4096 21
1346 4056 1379 4099 u.

227 4148 256 4210 p.
283 4126 348 4189 Mil.
372 4131 393 4207 ξ
416 4126 466 4190 98.
510 4126 621 4194 Caes.
650 4129 682 4196 b.
703 4152 735 4214 g.
765 4133 799 4213 1,·
818 4131 860 4195 26
888 4152 960 4194 5115
988 4131 1029 4194 ab
1057 4129 1137 4195 hora
1165 4132 1307 4214 septima
1339 4136 1380 4200 ad

227 4249 392 4319 vesperum
415 4234 593 4313 pugnatum
615 4232 673 4315 511,
696 4254 843 4296 aversum
865 4235 990 4299 hostem
1012 4230 1120 4296 ridere
1142 4252 1240 4298 nemo
1263 4239 1381 4320 potuit.

227 4326 316 4393 Sall.
340 4329 410 4395 Cat.
433 4331 483 4410 36,
506 4334 527 4396 4
549 4335 635 4412 (cum
649 4369 691 4378 —
707 4335 839 4420 tamen).
861 4335 891 4413 3,
914 4334 934 4398 5
959 4335 1044 4418 (cum
1067 4372 1098 4380 -—
1118 4334 1222 4400 nihilo
1244 4339 1382 4427 minus).

226 4428 266 4494 11.
293 4431 323 4510 3,
353 4433 404 4514 11,
433 4434 462 4496 2.
507 4433 588 4499 Liv.
626 4435 697 4512 1,2
725 4457 797 4500 cum
830 4437 999 4501 moenibus
1033 4436 1154 4503 bellum
1185 4443 1383 4526 propulsare
