2956 5054
689 304 741 353 '-
793 305 850 368 136
898 343 935 352 -

247 461 379 528 666166
403 481 468 525 666
497 462 605 543 posset
627 497 667 507 -
690 457 858 523 infirmari.
904 457 965 523 Mit
988 457 1133 522 Unrecht
1160 458 1272 524 mucht
1301 458 1400 524 Hand

247 565 418 647 getrennte
442 560 638 626 Abschnitte
661 561 782 625 daraus.
1039 619 1043 631 .

331 666 363 745 β.
407 662 456 727 Im
492 663 708 747 negativen
742 660 1014 728 Urtheilssatz
1051 661 1137 726 steht
1167 668 1310 728 661666
1333 666 1400 728 An·

248 767 422 851 kntipfung
449 764 525 829 oder
560 762 814 848 Untercrdnung
842 768 938 828 unter
966 764 1018 828 die
1044 764 1306 849 voraufgebende
1337 764 1401 829 Ne-

248 869 369 953 gation.
414 869 482 932 Aus
507 867 588 932 alter
610 864 681 930 Zeit
704 865 781 929 wird
804 887 865 929 nur
893 866 982 930 eine
1013 866 1112 931 Stelle
1137 866 1202 930 und
1230 888 1317 929 zuar
1342 868 1403 930 mit

250 968 480 1054 umgekehrten
506 967 657 1033 Gliedern
683 967 787 1032 citirt:
831 966 878 1032 Pl.
903 967 998 1032 Most.
1024 969 1085 1032 124
1106 967 1229 1052 sibique
1252 973 1308 1032 aut
1331 992 1400 1033 ma·

248 1071 346 1135 toriae
369 1074 546 1155 neparcunt
573 1071 656 1151 (1.6.
683 1091 748 1133 non
776 1071 936 1154 parcunt).
983 1068 1164 1134 1616661166
1192 1069 1273 1134 6666
1304 1069 1401 1155 Capt.

252 1173 331 1241 1027
356 1172 464 1256 (jetatr
502 1193 557 1237 acc
584 1171 737 1256 argenti).
785 1169 857 1234 Von
886 1170 1026 1236 Cicero
1049 1171 1088 1235 ab
1108 1171 1191 1235 wird
1214 1193 1247 1235 es
1270 1171 1398 1257 htufig:

248 1275 333 1342 Lael.
359 1276 398 1339 18
420 1296 523 1359 neque
544 1295 619 1337 vero
645 1311 682 1320 -
705 1272 787 1336 fidus
811 1276 868 1337 661
890 1273 1015 1337 61661116
1045 1278 1153 1358 potest
1181 1295 1261 1339 esse.
1307 1275 1401 1340 acad.

248 1377 277 1455 2,
302 1377 320 1439 l
344 1397 402 1440 nec
425 1374 565 1459 intelligi
588 1375 762 1459 quidquam
783 1396 842 1439 neo
857 1375 966 1458 qqaeri
982 1378 1038 1439 aut
1053 1376 1217 1459 disputari.
1256 1375 1353 1440 Tusa.
1374 1379 1401 1453 1,

252 1479 299 1554 13,
322 1479 444 1542 36666
467 1475 594 1541 veroid
619 1475 788 1541 collocutio
816 1477 985 1542 hominum
1013 1481 1069 1542 aut
1097 1499 1265 1542 consessus
1294 1479 1405 1543 effecit

248 1580 339 1665 (aber
362 1579 539 1663 unsicher).
576 1577 654 1642 fam.
671 1577 700 1661 2,
726 1578 774 1656 19,
803 1583 813 1642 1
841 1600 944 1663 neque
970 1617 1009 1627 —
1032 1601 1153 1644 nec-
1177 1583 1242 1644 aut.
1291 1579 1404 1645 Caes.

249 1682 279 1746 b.
302 1703 334 1766 g.
361 1683 387 1759 l,
411 1683 450 1745 31
475 1681 501 1745 si
525 1701 658 1764 quares
682 1702 749 1745 non
772 1680 811 1744 ad
834 1685 949 1747 nutum
972 1684 1028 1746 aut
1050 1681 1090 1745 ad
1105 1681 1305 1746 voluntatem
1331 1682 1403 1746 eius

250 1783 336 1848 faeta
358 1783 410 1847 sit.
455 1784 491 1865 5,
525 1783 561 1845 17
591 1804 693 1865 neque
721 1782 770 1845 sui
801 1782 974 1868 colligendi
998 1806 1101 1868 neque
1124 1784 1323 1849 consistendi
1348 1789 1407 1850 aut

250 1909 289 1950 ex
312 1885 429 1950 essedis
452 1883 619 1948 desiliendi
642 1883 829 1948 facultatem
853 1884 1018 1949 dederunt.
1063 1889 1093 1966 6,
1117 1887 1159 1950 22
1181 1907 1285 1970 neque
1314 1887 1405 1969 quis-

250 2010 346 2072 quam
375 1987 445 2071 agri
474 1987 603 2050 modum
632 1988 754 2049 certum
785 1990 840 2050 aut
866 1985 947 2050 fines
976 1987 1074 2051 habet
1106 1989 1261 2072 proprios.
1306 1988 1405 2053 Sall.

251 2089 319 2154 (lat.
345 2089 384 2152 13
407 2109 473 2152 666
497 2087 615 2150 famem
639 2090 694 2150 aut
729 2087 834 2166 sitim,
873 2110 975 2173 neque
1012 2089 1116 2174 frigus
1143 2111 1246 2174 neque
1269 2089 1403 2155 lassitu-

250 2189 365 2254 dinem.
408 2187 486 2271 lug.
513 2187 550 2251 18
574 2209 676 2271 neque
699 2189 841 2253 moribus
864 2212 966 2273 neque
989 2190 1060 2275 lege
1091 2195 1146 2255 aut
1175 2190 1319 2275 imperio.
1362 2193 1407 2256 72

251 2313 353 2376 neque
378 2330 416 2338 -
438 2288 635 2374 Jurgurthae
658 2291 724 2356 dies
748 2293 804 2355 661
826 2313 890 2356 nox
912 2291 979 2356 ulla
993 2293 1102 2376 quieta
1116 2294 1187 2371 fuit,
1212 2314 1315 2377 neque
1332 2293 1406 2358 loco

251 2415 354 2477 neque
376 2391 506 2457 mortali
528 2391 675 2475 cuiquam
699 2397 755 2457 661
776 2393 914 2478 tempori
937 2395 1016 2458 satis
1045 2396 1182 2459 credere.
1228 2396 1269 2458 74
1296 2416 1407 2479 neque

251 2495 298 2559 illi
321 2517 371 2561 res
394 2515 497 2578 neque
522 2494 691 2558 consilium
715 2498 770 2558 aut
798 2495 963 2579 qnisquam
992 2495 1157 2562 hominum
1185 2497 1265 2561 satis
1294 2497 1406 2580 place-

252 2599 317 2664 bat.
362 2596 412 2670 85,
436 2596 478 2660 29
500 2618 566 2661 666
590 2617 718 2679 possum
741 2597 813 2660 fidei
837 2619 933 2661 causa
955 2598 1112 2683 imagines
1149 2620 1252 2682 neque
1289 2599 1406 2662 trium-

252 2699 334 2784 phos
356 2700 412 2762 661
434 2697 617 2762 6666616166
639 2735 680 2746 -
704 2701 879 2763 ostentare.
907 2698 1023 2784 fragm.
1048 2703 1076 2783 1,
1101 2700 1142 2765 95
1164 2722 1269 2783 neque
1292 2702 1406 2765 animo

253 2821 356 2884 neque
378 2798 507 2864 auribus
533 2799 721 2885 autlingua
744 2803 934 2884 competere.
986 2799 1064 2866 Liv.
1087 2803 1123 2880 3,
1157 2804 1195 2868 16
1223 2824 1319 2867 nemo
1347 2802 1406 2866 tri-

253 2904 355 2967 bunos
393 2905 449 2964 661
483 2902 610 2986 plebem
647 2901 793 2966 timebat.
839 2903 873 2979 3,
901 2903 944 2966 42
974 2924 1040 2967 666
1070 2904 1188 2968 virtute
1217 2907 1273 2968 661
1294 2904 1406 2969 armis.

255 3007 282 3082 1,
309 3004 347 3068 18
370 3024 472 3087 neque
497 3042 533 3051 —
557 3025 617 3068 666
640 3042 681 3051 -
703 3024 763 3067 666
784 3003 921 3087 denique
944 3007 1072 3088 patrum
1088 3007 1144 3069 ant
1159 3006 1276 3070 civium
1292 3027 1406 3089 quem-

253 3126 355 3189 quam.
380 3142 420 3152 —-
445 3103 502 3169 Bei
529 3104 684 3189 Spbteren
713 3105 755 3169 ist
784 3127 817 3169 es
840 3106 920 3169 eben
944 3127 993 3183 so,
1023 3128 1049 3171 a.
1076 3104 1111 3169 B.
1136 3105 1224 3171 Tac.
1248 3130 1323 3175 ann.
1351 3110 1403 3186 15,

254 3208 292 3271 61
317 3206 400 3271 nihil
421 3207 513 3271 triste
535 3207 569 3270 in
593 3207 697 3271 verbis
721 3207 789 3271 eius
812 3211 870 3271 661
892 3207 991 3272 vultu.

337 3332 369 3391 y.
413 3309 481 3372 Aur
503 3308 591 3372 steht
618 3308 661 3371 im
690 3308 926 3394 Fragesatz‚
968 3332 1062 3375 wenn
1091 3310 1142 3374 die
1166 3311 1225 3374 mit
1247 3310 1407 3376 einander

255 3411 481 3476 verbundenen
510 3408 604 3474 Satze
633 3410 710 3474 oder
738 3409 867 3475 Glieder
893 3411 963 3476 sich
990 3412 1081 3478 61661
1111 3413 1312 3498 gegenseitig
1334 3436 1407 3478 ans-

255 3512 439 3589 schliessen,
464 3511 525 3574 wie
547 3510 615 3575 dies
637 3513 670 3575 in
695 3512 751 3576 der
775 3510 1049 3598 Disjunctivfrage
1071 3519 1150 3579 stets
1173 3514 1230 3577 der
1254 3514 1325 3579 Fall
1349 3515 1406 3581 ist.

257 3618 324 3678 Ans
347 3613 408 3678 den
432 3611 631 3678 zahlreichen
663 3612 797 3693 Stellen,
837 3613 887 3679 die
924 3615 957 3679 in
995 3616 1080 3680 allen
1119 3614 1292 3681 Zeitaltern
1332 3640 1409 3682 vor-

258 3716 418 3791 kommen‚
443 3716 523 3800 gebe
546 3714 599 3780 ich
622 3737 683 3779 nur
706 3715 776 3780 eine
799 3715 905 3786 kleine
935 3716 1104 3803 Auswah13
1141 3722 1249 3783 zuerst
1286 3717 1409 3803 Frage-

256 3822 357 3895 66166,
397 3817 494 3881 deren
527 3816 692 3882 (llieder
721 3816 822 3882 durch
851 3824 909 3883 aut
938 3819 1110 3903 verknttpft
1138 3820 1226 3884 sind:
1274 3819 1407 3887 Plaut.

257 3919 341 3983 Men.
365 3918 429 3984 609
451 3939 530 3984 num
551 3918 685 3983 ancillae
706 3919 767 3984 tibi
789 3924 845 3984 aut
860 3921 944 3984 servi
959 3921 1175 4006 responsant?
1197 3922 1283 3986 Ter.
1302 3922 1407 3988 Andr.

259 4024 284 4098 1,
308 4021 338 4102 5,
364 4023 378 4083 1
403 4019 550 4084 66616661
571 4019 746 4085 humanum
769 4023 892 4087 factum
915 4027 970 4087 661
992 4023 1180 4108 inceptum?
1212 4023 1290 4089 Oic.
1308 4023 1405 4090 Tusc.

258 4125 436 4206 1‚11quo
472 4121 567 4186 modo
600 4122 700 4205 igitur
733 4127 788 4188 aut
817 4146 873 4189 cur
903 4128 958 4189 ott.
989 4127 1069 4189 orat.
1093 4126 1112 4189 8
1134 4146 1274 4209 quonam
1302 4126 1409 4211 igitur

256 4226 350 4290 modo
378 4224 541 4288 audiretur
571 4222 679 4308 Mysus
709 4229 765 4288 aut
791 4225 900 4310 Phryx
929 4223 1093 4291 Athenis?
1125 4225 1233 4312 parad.
1266 4232 1280 4290 l
1306 4231 1338 4309 ξ.
1367 4230 1407 4293 15

256 4327 463 4391 melioremne
500 4325 601 4390 efficit
634 4331 690 4389 aut
717 4326 959 4390 laudabiliorem
992 4327 1121 4392 virum?
1164 4350 1205 4391 an
1235 4329 1406 4413 quisquam

258 4433 324 4492 ott·
358 4427 411 4491 off.
446 4428 481 4506 3,
521 4428 575 4504 13,
604 4425 647 4490 64
674 4448 858 4510 quaero-
881 4451 957 4492 num
985 4427 1017 4491 id
1039 4429 1158 4495 iniuste
1181 4433 1237 4494 aut
1258 4429 1406 4515 improbe
