2956 5054
720 294 947 358 „100-

261 441 402 507 Pertikel
425 443 511 510 denn
534 449 627 512 nieht
649 471 706 513 zur
721 444 950 531 Bezeiohnung
971 445 1026 510 des
1048 444 1243 530 Einwurfes,
1267 447 1412 511 sondern

260 545 304 607 ist
324 566 386 608 nur
409 543 618 613 Bindemittel
641 549 696 615 des
719 546 829 612 Setzes
852 549 912 612 mit
933 548 1006 612 dem
1027 546 1172 632 Vorigen
1198 534 1240 629 (s,
1261 546 1412 632 Seyffert,

261 643 367 709 Sohol.
391 647 446 712 let.
473 652 500 733 1,
526 649 556 714 S.
576 651 646 733 138,
672 653 716 736 2).
752 648 828 715 Oie.
852 671 885 733 p.
901 649 969 714 Mil.
986 650 1036 727 22,
1060 649 1102 714 59
1124 649 1179 713 sed
1203 651 1412 734 quaestiones

259 752 377 831 urgent
406 748 572 816 Milonem.
617 752 662 818 Es
691 753 775 837 folgt
800 751 851 816 die
875 750 1109 836 Widerlegung
1136 753 1172 815 in
1202 749 1413 836 l'rsgeform:

259 849 450 932 quibusnam
474 853 657 919 deservis?
698 856 777 920 biv.
800 856 830 934 5,
854 854 895 918 53
918 852 971 916 sed
994 875 1045 917 res
1067 853 1138 937 ipso
1161 855 1250 937 cogit
1270 890 1318 902 —
1343 852 1413 919 Wi-

259 950 454 1038 derlegung:
488 953 572 1021 hene
600 960 707 1021 eutem
734 956 849 1022 iseteri
878 956 980 1040 magis
1014 975 1140 1019 oausam
1174 975 1270 1038 quum
1302 977 1413 1022 veram

258 1075 326 1119 esse
361 1059 416 1122 ott.
462 1055 568 1142 Virg.
598 1061 679 1124 Aen.
710 1060 739 1138 9,
771 1058 831 1122 140
852 1057 906 1121 sed
940 1057 1073 1140 periisse
1101 1057 1200 1121 semel
1233 1058 1316 1122 setis
1347 1064 1412 1123 est:

257 1179 390 1241 peecare
413 1159 529 1223 fuisset
555 1163 631 1224 ante
659 1162 748 1225 setis.
793 1158 895 1223 Gell.
924 1157 972 1240 12,
999 1159 1026 1240 1,
1053 1157 1092 1221 10
1119 1158 1174 1221 sed
1203 1159 1415 1226 nihil-inter·

258 1264 307 1323 est
331 1259 401 1341 (hoo
417 1261 501 1324 enim
518 1260 649 1345 dieitur)
673 1261 762 1326 euius
785 1260 818 1324 id
840 1261 923 1324 laete
945 1258 1011 1322 fiet.
1049 1257 1113 1325 Cur
1134 1260 1236 1344 igitur
1258 1261 1333 1342 iste,
1358 1263 1414 1347 qui

261 1359 323 1424 hoe
345 1361 425 1425 dicit
448 1364 503 1425 ott.
854 1372 856 1376 “

342 1466 372 1530 4.
410 1463 472 1528 Mit
504 1467 559 1530 sed
585 1465 664 1529 wird
692 1462 976 1549 ehgebroohen
1008 1462 1073 1526 und
1102 1485 1141 1528 zu
1171 1463 1277 1528 einem
1301 1486 1411 1530 neuen

258 1565 435 1632 Gedenlren
458 1569 687 1653 flbergegen
696 1587 788 1650 gen:
821 1565 925 1629 Plaut.
950 1563 1042 1648 Capt.
1069 1565 1127 1628 121
1150 1565 1205 1629 sed
1234 1566 1316 1630 satis
1340 1589 1412 1631 ver-

257 1668 369 1732 borum
393 1673 456 1733 est:
480 1690 556 1736 eure
577 1691 658 1754 quae
679 1669 756 1732 iussi
779 1671 874 1751 atque
896 1666 958 1730 sbi.
1002 1666 1129 1731 Ennius
1151 1687 1226 1734 ann.
1250 1667 1280 1750 9,
1308 1667 1329 1731 8
1352 1668 1411 1732 sed

257 1771 331 1852 quid
365 1792 425 1856 ego
460 1770 519 1836 hoe
552 1769 716 1835 memoro?
753 1768 792 1833 ln
824 1766 1074 1852 mennigfeehen
1105 1767 1326 1853 Wendungen
1356 1770 1410 1835 bei

257 1871 413 1937 Cicero:
442 1872 496 1936 sed
520 1873 597 1937 haee
619 1871 784 1950 haetenus,
809 1871 864 1934 sed
886 1869 925 1934 ed
948 1869 1099 1933 institute
1120 1869 1297 1935 redeamus.
1323 1875 1409 1935 oret

258 1973 306 2049 19,
336 1973 374 2036 61
411 1973 465 2037 sed
499 1974 564 2037 iam
595 2012 630 2020 -
662 1972 870 2058 exprimendo
900 1973 959 2034 est.
1010 1969 1099 2035 Brut.
1130 1971 1171 2036 73
1203 1971 1258 2035 sed
1293 1993 1409 2056 perge.

255 2073 349 2137 Mehr
370 2073 492 2138 Stellen
514 2097 539 2140 s.
563 2078 594 2156 ξ.
620 2075 680 2139 116
703 2074 811 2140 &197
835 2077 930 2137 unter
956 2071 1018 2136 den
1041 2071 1187 2156 Ellipsen
1215 2071 1272 2137 der
1296 2072 1410 2138 Verbo

256 2175 398 2259 dioendi3
436 2175 633 2240 uusfilhrlioh
671 2174 845 2240 behandelt
881 2195 945 2238 von
978 2173 1115 2258 Seyffert
1150 2172 1257 2239 Sohol.
1299 2174 1357 2239 let.
1392 2175 1408 2239 Ι

255 2275 288 2341 S.
312 2276 447 2345 19-83.
494 2276 600 2361 Virg.
624 2278 759 2357 Α11.2,
786 2277 855 2340 101.
893 2275 986 2340 llben
1008 2296 1044 2339 so
1068 2275 1118 2339 bei
1142 2274 1309 2359 Spdteren.

338 2381 366 2444 5.
405 2378 468 2443 Seu
498 2378 587 2443 dient
614 2400 671 2441 zur
699 2378 906 2462 lllinilthrung
937 2377 994 2440 der
1022 2376 1314 2467 Epenelepsis:
1351 2377 1408 2442 die

256 2478 444 2563 Digression
459 2478 536 2543 oder
551 2479 748 2547 Perenthese
769 2479 847 2543 wird
864 2478 1089 2561 ubgebroohen
1111 2477 1176 2541 und
1200 2476 1257 2541 der
1271 2478 1407 2544 fruhere

255 2581 408 2645 Gedenke
438 2580 554 2645 wieder
583 2581 842 2666 eufgenommen.
889 2579 950 2643 Die
972 2578 1092 2664 Belege
1121 2579 1193 2642 sind
1220 2580 1287 2644 fest
1316 2581 1406 2646 ohne

254 2680 441 2746 Ausnehme
470 2703 525 2745 aus
553 2681 708 2747 Cicero:
743 2682 891 2759 (111113,
916 2681 1088 2762 2,31111
1117 2684 1185 2745 tum
1215 2680 1265 2765 (es
1287 2681 1406 2767 folgen

254 2781 320 2847 drei
344 2782 467 2860 Zeilen)
489 2821 530 2831 -
552 2785 607 2848 sed
631 2787 700 2848 tum
723 2805 795 2848 eum
825 2785 880 2847 ott.
925 2805 957 2867 p.
982 2780 1091 2846 Pleno.
1116 2783 1147 2864 4,
1173 2783 1270 2845 1011
1300 2781 1406 2849 fueris

254 2884 384 2968 dignior
411 2888 467 2952 ott.
511 2887 545 2948 in
573 2885 638 2949 Pis,
661 2886 691 2963 4,
715 2885 734 2950 8
756 2905 836 2968 quos
863 2884 899 2958 u.
924 2883 1072 2949 Metellus
1096 2882 1309 2968 (Perenthese
1337 2907 1406 2950 von

255 2987 332 3050 zwei
356 2985 480 3072 Zeilen)
504 2987 621 3050 -sed
650 2985 704 3051 ille
733 2985 917 3069 designatus
947 2985 1058 3050 eonsul
1088 2987 1245 3071 (gemeint
1272 2987 1317 3051 ist
1344 2987 1402 3052 da·

253 3089 313 3150 mit
334 3086 391 3151 der
412 3091 576 3173 81111111
591 3087 765 3171 Metellus).
799 3087 955 3172 Huufiger
977 3087 1010 3151 in
1034 3087 1095 3150 den
1112 3086 1404 3171 philosophisohen

253 3187 417 3253 Schriften
445 3189 509 3252 und
539 3187 685 3253 Briefen:
722 3189 812 3254 seed.
841 3189 871 3271 2,
894 3189 945 3265 32,
978 3188 1038 3252 102
1065 3188 1196 3271 scripsit
1222 3189 1324 3274 igitur
1349 3190 1405 3256 his

253 3290 319 3355 fere
347 3291 452 3355 verbis
481 3291 572 3374 (sunt
599 3291 683 3355 enim
713 3290 791 3354 mihi
821 3293 897 3371 nota
924 3292 1093 3373 propterea
1121 3289 1206 3373 quod
1237 3295 1308 3376 -);
1343 3293 1403 3357 sed

253 3394 408 3477 seriptum
438 3396 487 3457 est
520 3393 576 3456 itu.
621 3392 766 3457 deerat.
796 3393 826 3473 3,
865 3391 912 3473 12,
940 3392 983 3453 45
1015 3390 1161 3475 equidem
1192 3412 1265 3455 eum
1303 3395 1403 3458 audio

252 3516 377 3559 socrum
399 3516 503 3559 meam
527 3492 832 3575 Laeliamfacilius
861 3496 947 3556 enim
975 3493 1124 3556 mulieres
1146 3496 1219 3576 —);
1249 3495 1304 3558 sed
1328 3517 1405 3559 eam

253 3596 298 3659 sio
321 3596 431 3674 audio,
462 3599 498 3659 ut
518 3594 670 3660 Plautum
692 3597 747 3659 ott.
792 3592 936 3671 ’111111
961 3594 1292 3675 22631111111111]
1322 3618 1402 3663 vero

251 3696 505 3780 perstudiosum,
533 3699 661 3779 poetam
687 3696 784 3759 etiem
812 3696 971 3779 tragicum
1000 3695 1211 3778 (Perenthese
1240 3717 1303 3760 von
1331 3698 1403 3761 vier

252 3795 377 3872 Zeilen‚
406 3797 457 3861 die
487 3796 716 3862 Construction
748 3801 949 3882 vergessen):
986 3796 1041 3861 sed
1076 3800 1112 3860 11
1138 3796 1177 3860 sd
1208 3796 1401 3883 Dionysium

252 3899 425 3965 redeamus.
472 3897 563 3963 Neeh
592 3898 681 3962 einer
702 3897 776 3962 sehr
803 3899 922 3982 langen
945 3898 1149 3983 Digression:
1178 3900 1403 3981 ο111.22,’14

252 4000 307 4064 sed
330 4021 402 4063 oum
424 3999 484 4063 hoo
506 4003 633 4063 tentum
656 4000 699 4063 sit
721 4003 777 4065 ott.
822 4000 877 4064 fin.
900 4001 930 4081 2,
954 4000 1005 4083 33,
1031 4000 1101 4078 107,
1128 4019 1178 4062 wo
1200 3999 1284 4063 neoh
1308 4003 1401 4065 einer

252 4100 461 4183 Aufzdhlung
485 4122 546 4165 von
569 4100 682 4165 violem
699 4099 878 4166 llinzelnen
900 4101 966 4165 und
989 4100 1072 4166 neoh
1094 4100 1183 4163 einer
1197 4098 1400 4168 Perenthese

251 4202 349 4286 folgt:
377 4202 433 4265 sed
453 4223 503 4284 eu,
526 4223 606 4286 quae
629 4202 711 4281 dixi,
740 4202 779 4266 ed
803 4222 958 4285 corpusne
981 4201 1103 4266 refers?
1132 4200 1217 4267 [mel.
1245 4205 1272 4284 1,
1296 4204 1399 4268 laed

251 4306 288 4366 ut
310 4302 344 4366 in
366 4301 487 4366 Getone
508 4302 630 4367 Maiore
652 4341 694 4350 -
717 4302 872 4368 Catonem
895 4302 1006 4367 induxi
1028 4323 1136 4367 senem
1159 4301 1398 4389 disputantem

250 4404 337 4491 depo
361 4402 446 4486 folgt
460 4403 547 4499 1111]Ι
566 4403 647 4500 zehn
663 4402 776 4498 211191ι
796 4405 862 4485 §.5
884 4404 938 4468 sed
962 4408 999 4469 ut
1020 4407 1088 4467 tum
1110 4403 1151 4466 ud
1173 4424 1283 4467 senem
1298 4426 1396 4469 senex
