2956 5054
716 315 948 378 -142-

263 471 314 534 vel
345 468 450 533 Rhodi
484 490 517 533 se
551 468 806 533 doctissimorum
838 467 1003 532 bominum
1031 468 1229 532 sermonibus
1259 467 1411 532 dedisset.

265 571 332 656 (An
368 571 481 635 beiden
510 570 611 635 Orten
646 571 690 634 ist
724 569 887 634 Antonius
920 591 1083 654 gewesen,
1118 570 1174 634 der
1207 569 1288 634 Sinn
1325 570 1410 634 also:

170 742 173 744 ,
264 672 451 755 gleicbviel,
480 674 521 737 ob
544 694 618 736 man
647 672 739 736 dabei
768 692 808 734 an
831 671 893 735 den
917 670 1111 737 Aufenthalt
1140 671 1171 735 in
1198 671 1317 736 Athen
1336 672 1414 735 oder

264 773 325 838 Rh.
342 774 465 856 denkt.)
506 774 572 838 Liv.
600 778 627 848 1,
653 775 678 856 1,
702 773 721 838 8
744 775 887 838 animum
903 774 952 837 vel
975 773 1060 839 bello
1083 774 1133 837 vel
1155 774 1226 857 paci
1250 778 1414 857 paratum.

267 879 294 953 1,
318 876 414 958 42,5
445 874 586 940 ordinem
611 914 648 923 —
673 875 723 940 vel
756 878 827 959 paci
850 876 999 940 decorum
1033 875 1082 938 vel
1118 875 1213 939 bello.
1260 875 1414 959 Lampr.

267 979 316 1042 Al.
340 978 412 1042 Sev.
441 979 482 1042 43
505 981 538 1042 et
565 976 709 1041 nundina
736 981 845 1042 vetera
872 977 1044 1042 exordiae
1071 976 1227 1057 instituit,
1263 964 1315 1041 vel
1347 978 1416 1041 dies

265 1081 314 1144 vel
339 1085 494 1164 tempora.
540 1079 650 1143 Treb.
680 1077 763 1144 Gall.
787 1082 807 1143 5
835 1080 1018 1164 pestilentia
1046 1083 1137 1143 tanta
1164 1081 1335 1144 exstiterat
1364 1079 1416 1143 vel

265 1182 385 1246 Romae
407 1180 457 1244 vel
481 1181 632 1245 Achaicis
656 1180 796 1260 urbibus,
821 1187 858 1245 ut
880 1185 934 1246 ctt.

349 1284 379 1347 3.
419 1282 492 1347 Wie
515 1283 549 1345 in
565 1279 623 1345 Nr.
642 1286 670 1365 l,
692 1282 793 1346 findet
815 1283 884 1347 sich
899 1284 979 1347 auch
1003 1282 1073 1347 hier
1089 1283 1418 1369 Abwechselung

265 1386 328 1449 und
356 1384 529 1448 Willkor
558 1385 592 1448 in
621 1385 676 1448 der
699 1383 798 1447 Wahl
820 1406 884 1450 von
908 1391 966 1450 urit
991 1386 1067 1449 oder
1093 1386 1157 1463 vel;
1191 1407 1226 1449 so
1251 1385 1417 1450 wechseln

166 1475 179 1490 ⁸
266 1487 316 1551 die
340 1487 507 1552 Partikeln
541 1486 590 1550 bei
614 1486 718 1551 Lect.
747 1485 777 1564 4,
800 1486 831 1568 4,
857 1490 889 1550 ll
923 1508 1031 1550 servus
1059 1491 1121 1570 est,
1155 1488 1210 1571 qui
1243 1487 1416 1552 dominum

266 1612 357 1654 suum
379 1593 437 1653 aut
464 1588 570 1674 fugiat
592 1592 647 1652 aut
675 1589 810 1673 nesciat,
839 1591 872 1651 et
893 1588 1010 1672 impius
1032 1587 1131 1671 filius,
1162 1589 1216 1672 qui
1244 1610 1339 1653 suum
1362 1611 1419 1654 ve-

266 1715 336 1756 rum
360 1695 485 1776 patrem
515 1691 565 1755 vel
588 1690 691 1755 oderit
712 1690 762 1754 vel
790 1691 926 1775 ignoret.
950 1729 990 1739 —
1016 1690 1345 1774 Untergeordnet
1372 1692 1420 1755 ist

266 1793 432 1878 doppeltes
461 1795 508 1859 cel
537 1792 608 1857 dem
632 1798 690 1858 cut
717 1792 769 1856 bei
792 1792 868 1857 cic.
893 1792 931 1856 de
953 1813 1021 1859 sen.
1048 1794 1087 1856 16
1108 1792 1162 1855 ubi
1192 1793 1278 1856 enim
1307 1796 1421 1876 potest

266 1895 322 1959 illa
349 1899 437 1959 aetas
464 1901 520 1959 aut
549 1894 706 1959 calescere
740 1893 789 1958 vel
817 1894 1014 1977 apricatione
1041 1894 1155 1958 melius
1183 1893 1232 1958 vel
1260 1895 1331 1978 igni
1360 1899 1421 1959 aut

266 1997 407 2061 vicissim
430 1997 553 2061 umbris
575 1996 705 2080 aquisve
728 1995 912 2080 refrigerari
928 1995 1108 2059 salubrius?
1131 1995 1222 2059 Ebcn
1239 2016 1276 2059 so
1299 1996 1338 2060 de
1354 1997 1422 2064 div.

265 2100 295 2176 2,
318 2100 370 2181 59,
396 2099 456 2161 122
485 2100 541 2161 aut
571 2119 686 2162 canere
714 2097 763 2162 vel
792 2119 868 2162 voce
898 2097 949 2161 vel
978 2096 1102 2164 fidibus.
1136 2096 1264 2162 =Falsch
1287 2098 1422 2162 scheint

266 2199 317 2263 die
340 2198 564 2263 handschriftl.
587 2199 700 2263 Lcsart
722 2199 772 2263 bei
790 2199 854 2265 Oic.
878 2222 911 2263 n.
936 2198 965 2262 d.
990 2199 1021 2281 2,
1045 2199 1097 2280 34,
1122 2198 1161 2263 87
1186 2199 1340 2264 solarium
1364 2199 1420 2264 vel

266 2301 459 2385 descriptum
484 2303 540 2364 eut
561 2322 599 2365 ex
622 2323 704 2385 aqua
728 2301 835 2385 (jetztz
869 2303 918 2364 vel
953 2301 1140 2383 discriptum
1169 2301 1219 2364 vel
1243 2322 1281 2364 ex
1304 2305 1418 2384 aqua).

268 2403 355 2466 Aber
386 2403 419 2466 in
446 2401 621 2488 folgenden
658 2403 735 2466 zwei
764 2400 886 2468 Stellen
920 2402 979 2466 hat
1007 2404 1053 2468 vel
1086 2400 1177 2465 nicht
1205 2402 1416 2485 disjunctive,

269 2504 407 2569 scndcrn
430 2505 633 2568 intensive
656 2503 861 2589 Bedeutung:
885 2504 993 2587 Prop.
1016 2505 1046 2585 2,
1070 2504 1100 2585 2,
1123 2504 1143 2568 6
1166 2508 1200 2568 et
1220 2504 1342 2575 incedit
1364 2504 1420 2568 vel

268 2607 351 2672 Jove
374 2607 474 2689 digna
496 2627 598 2688 soror,
620 2610 676 2670 aut
697 2627 768 2669 cum
794 2604 958 2670 Dulichias
981 2604 1088 2670 Pallas
1111 2605 1268 2688 spatiatur
1290 2607 1346 2669 ott.
1387 2608 1419 2686 3,

267 2708 318 2786 21,
341 2707 383 2772 25
405 2706 472 2770 illic
499 2707 547 2771 vel
581 2707 695 2772 studiis
725 2707 867 2771 animum
899 2712 1066 2771 emendare
1090 2705 1233 2780 Platonis
1255 2707 1420 2791 'incipiam

267 2813 324 2873 aut
357 2808 472 2890 hortis,
508 2809 600 2873 docte
628 2807 783 2893 Epicure,
816 2808 890 2872 tuis.
937 2807 1013 2893 Vgl.
1041 2807 1172 2876 Hertzb.
1201 2807 1251 2871 Ill
1279 2807 1311 2873 S.
1340 2810 1417 2874 371.

269 2910 342 2976 Und
372 2932 456 2996 ganz
483 2911 634 2976 unsioher
665 2912 708 2975 ist
735 2916 793 2976 cut
819 2932 876 2974 vor
902 2912 949 2977 cel
981 2911 1032 2975 bei
1055 2910 1163 2974 Ovid.
1199 2914 1273 2975 met.
1300 2912 1328 2989 1,
1350 2912 1419 2975 546

268 3022 307 3098 (s.
337 3013 400 3077 dae.
429 3012 539 3090 Bach).
592 3011 699 3076 Ueber
731 3014 778 3077 vel
810 3012 873 3076 und
906 3015 970 3078 sive
1002 3014 1036 3076 in
1071 3011 1418 3095 correspondirendem

271 3113 372 3180 Sinne
395 3136 420 3178 s.
443 3118 473 3194 θ.
497 3114 569 3196 346,
593 3115 620 3180 7.

353 3220 382 3297 g.
407 3216 482 3280 345.
528 3213 595 3278 Das
618 3213 808 3278 enklitische
835 3238 870 3281 ue
897 3216 940 3279 ist
967 3216 1132 3281 vielleicht
1159 3237 1216 3278 aus
1242 3216 1290 3280 vel
1319 3216 1419 3300 abge·

269 3318 434 3384 schwiicht
463 3316 525 3380 und
556 3317 627 3380 dem
656 3317 836 3400 cntspricht
857 3317 907 3381 die
936 3322 1033 3381 etwas
1062 3315 1266 3381 schwiicbere
1291 3316 1418 3381 Beden-

268 3427 361 3506 tung.
405 3419 450 3483 Es
472 3417 560 3482 steht
832 3460 834 3463 ψ

356 3525 382 3585 1.
406 3517 544 3600 eiufach,
567 3519 681 3583 nicht
696 3520 993 3604 correspondirend.
1033 3522 1100 3584 Aua
1122 3519 1183 3583 den
1200 3518 1264 3583 Xll
1280 3520 1418 3587 Tafeln:

268 3646 362 3708 super
395 3621 531 3706 pecunia
561 3621 702 3684 tutelave
735 3643 811 3686 suae
844 3624 900 3687 rei.
952 3623 1049 3688 Octo
1076 3644 1100 3686 r.
1129 3643 1154 3684 r.
1185 3623 1205 3683 2
1234 3628 1313 3706 quot
1346 3623 1418 3688 dies

269 3746 388 3811 quaeve
416 3744 522 3807 opera.
567 3721 613 3785 lb.
638 3744 759 3805 quaeve
787 3725 911 3808 reliqua
942 3745 1038 3807 opera
1066 3728 1151 3787 sunt.
1198 3727 1265 3787 Aus
1288 3723 1418 3789 Ennius

270 3828 357 3892 citirt
380 3847 454 3889 man
475 3845 572 3908 quove
598 3824 663 3886 und
688 3845 828 3905 quamve.
874 3825 1007 3890 Plautus
1035 3824 1114 3888 wird
1137 3825 1229 3889 nicht
1257 3825 1417 3911 erwbhnt,

269 3928 356 3992 daun
390 3927 467 3991 aber
495 3925 576 3990 Ter.
601 3924 702 3990 Andr.
734 3927 764 4006 4,
787 3927 817 4007 4,
841 3930 862 3991 9
888 3949 967 4011 puer
1000 3926 1052 3990 hic
1084 3928 1169 3991 unde
1198 3925 1270 3991 est?
1304 3929 1418 4011 quisve

270 4030 331 4095 huc
353 4030 482 4093 attulit?
512 4028 590 4093 Hec.
604 4030 635 4107 4,
660 4030 688 4108 2,
715 4029 754 4093 19
776 4034 813 4092 ut
833 4050 874 4092 ne
897 4029 947 4093 cui
970 4066 1010 4075 —-
1033 4030 1142 4092 obstet
1163 4032 1340 4093 mortemve
1364 4052 1417 4094 cx·

270 4135 393 4215 spectet
420 4153 534 4195 meam.
558 4133 589 4214 5,
616 4135 642 4212 l,
669 4133 706 4197 13
730 4130 756 4196 si
785 4131 864 4196 facis
893 4131 1052 4194 facturave
1082 4151 1123 4197 es.
1170 4130 1299 4195 Phorm.
1329 4132 1361 4212 3,
1386 4133 1416 4211 3,

270 4234 308 4297 21
336 4255 376 4297 ne
398 4232 474 4316 quid
497 4233 569 4319 plus
591 4235 736 4298 minusve
758 4233 849 4298 faxit.
1398 4295 1402 4305 ,

355 4333 494 4400 Cicero
522 4333 699 4420 gebraucht
720 4357 769 4416 oe,
792 4336 851 4398 wie
873 4356 907 4398 es
929 4332 1072 4418 scheint,
1104 4335 1336 4419 voraugsweise
1360 4357 1418 4399 zur

273 4435 482 4522 Verbindung
505 4459 566 4501 von
590 4434 825 4520 Zshlbegriffen
849 4435 914 4500 und
938 4418 1012 4500 von·
1026 4435 1192 4514 W'drtern,
1218 4435 1269 4499 die
1293 4435 1416 4521 gleich-
