2864 5056
692 325 838 387 -662
884 364 921 371 -

890 418 909 452 ο

237 479 412 562 farderung
435 480 469 541 in
492 477 739 561 Frageform:
770 476 886 542 Bacch.
910 480 971 542 627
996 501 1063 544 666
1087 484 1188 560 taces,
1211 479 1373 562 insipiens?

237 585 246 664 ll
268 578 428 643 Taceam?
451 580 563 643 Pseud.
586 580 648 643 626
672 578 747 663 quid
771 579 900 644 dubitas
923 580 1022 644 dare?
1040 583 1051 664 ΙΙ
1069 581 1145 644 Tibi
1162 603 1223 665 ego
1238 581 1325 645 dem?
1341 621 1370 627 -

239 680 367 746 Sodann
396 680 496 744 findet
524 681 591 745 sich
614 681 687 764 das,
710 703 774 744 was
798 682 1010 746 beantwortet
1033 683 1131 763 wird,
1163 682 1244 747 auch
1272 685 1304 746 in
1327 684 1371 747 der

239 782 334 846 Form
365 783 453 846 eines
477 781 777 846 Urtheilssatzes
805 782 881 847 oder
908 785 998 847 eines
1020 783 1261 868 Fragesatzes
1287 785 1370 849 ohne

242 884 500 968 Aulforderung:
523 884 589 948 mil.
605 885 667 947 497
684 905 861 969 expurgare
876 886 950 950 volo
965 908 1026 950 me.
1045 887 1056 968 ΙΙ
1078 885 1172 950 Tunc
1187 890 1219 950 te
1235 908 1369 971 expurges

240 985 342 1048 mihi?
382 986 473 1049 Asin.
497 986 560 1050 628
589 985 703 1069 (lubet)
734 986 819 1049 hunc
852 986 957 1050 hercle
987 988 1169 1052 verberare.
1197 989 1208 1072 ss
1234 988 1365 1062 Quisnam

240 1090 321 1152 istuc
344 1088 495 1152 adcredat
516 1088 576 1151 tibi
601 1087 663 1149 -?
684 1086 756 1151 Tun
779 1089 936 1171 verberes,
959 1090 1014 1172 qui
1036 1111 1097 1172 pro
1123 1090 1195 1153 cibo
1218 1090 1325 1153 habeas
1343 1098 1366 1152 tc

240 1190 422 1255 verberari?
448 1188 544 1253 Mero.
567 1190 638 1254 575.
662 1189 733 1252 567.
757 1189 872 1253 Pseud.
895 1189 969 1253 290.
1014 1191 1108 1255 Asin.
1133 1192 1196 1256 838
1219 1197 1365 1255 antone

243 1293 368 1356 tristem
390 1291 506 1374 putas?
524 1292 535 1374 ss
553 1291 665 1355 Putem
688 1312 749 1374 ego
772 1291 835 1353 -?
860 1291 977 1374 Amph.
996 1293 1059 1356 748
1082 1290 1257 1356 audiristin
1277 1298 1306 1355 tu
1326 1316 1363 1355 66

243 1415 374 1458 narrare
397 1392 490 1457 hodie
513 1393 641 1476 6666111
659 1391 721 1457 Ubi
745 1413 805 1477 ego
827 1392 1026 1456 audiverim?
1048 1394 1113 1457 818
1129 1395 1204 1476 quid
1229 1416 1284 1478 ego
1304 1394 1362 1458 deli·

243 1497 308 1580 qui,
324 1495 351 1559 si
367 1499 471 1558 tecum
488 1493 557 1557 fui?
575 1497 586 1578 6
603 1493 672 1557 Tun
689 1515 812 1558 mecum
828 1493 950 1558 fueris?
973 1493 1090 1558 Pseud.
1107 1496 1181 1559 486.
1205 1495 1294 1562 Most.
1307 1497 1361 1559 301.

325 1595 406 1660 Ter.
430 1595 529 1659 Andr.
553 1597 617 1660 384
639 1596 690 1658 dic
713 1600 745 1659 te
767 1595 944 1661 ducturum.
968 1599 979 1680 ss
1002 1595 1119 1680 Egone
1143 1596 1269 1661 dicam?
1300 1597 1362 1661 llun.

244 1700 304 1764 152
326 1697 408 1762 nihil
430 1696 626 1780 respondes?
643 1699 654 1780 u
671 1695 764 1781 Egon
788 1699 958 1780 quidquam
981 1698 1217 1781 respondeam?
1246 1701 1297 1765 Ad.
1315 1700 1361 1762 938

242 1802 324 1865 hanc
347 1804 380 1864 te
402 1802 568 1882 aequomst
589 1798 714 1861 ducere.
732 1800 743 1882 l
760 1799 831 1882 logo
849 1836 886 1845 -
910 1821 1008 1863 anum
1033 1801 1229 1883 decrepitam
1251 1801 1361 1865 ducam?

242 1906 340 1967 Andr.
370 1901 442 1965 270.
481 1900 554 1963 584.
600 1899 726 1964 Phorm.
750 1901 813 1963 260
835 1922 876 1964 66
906 1901 938 1964 id
968 1922 1138 1966 suscenses
1166 1925 1251 1967 nunc
1276 1902 1334 1966 illi?
1357 1919 1362 1999 6
1411 1930 1413 1946 =

244 2006 340 2089 Egon
362 2003 410 2067 illi
433 2024 500 2066 non
522 2001 747 2065 suscenseam?
784 2002 899 2066 Heaut.
925 2003 986 2066 128
1009 2002 1102 2085 hem,
1131 2007 1182 2067 tot
1203 2027 1269 2068 mea
1288 2005 1363 2068 solius

243 2105 373 2172 solliciti
396 2104 462 2167 sint
485 2102 606 2167 causa?
638 2103 775 2167 ancillae
797 2107 847 2168 tot
867 2125 918 2167 me
940 2105 1108 2168 vestiant?
1137 2111 1278 2190 sumptus
1298 2104 1364 2168 domi

243 2211 354 2272 tantos
377 2226 438 2289 ego
460 2204 547 2268 solus
569 2203 707 2268 faciam?
744 2203 823 2269 Hec.
845 2204 929 2270 589..

331 2305 490 2370 Aehnlich
522 2306 593 2369 sind
625 2306 676 2369 bei
705 2306 844 2370 Cicero
877 2306 1028 2391 folgende
1058 2306 1199 2372 Stellen:
1231 2309 1287 2393 leg.
1314 2328 1367 2391 agr.

247 2414 274 2485 l,
300 2411 370 2487 1,3
399 2413 529 2489 veneat,
558 2408 680 2492 inquit,
715 2408 796 2471 silva
829 2406 970 2471 Scantia.
1016 2408 1096 2473 Vier
1125 2409 1234 2474 Zeilen
1264 2409 1369 2473 daraul:

245 2514 359 2577 silvam
382 2532 458 2575 vero
484 2514 520 2573 tu
543 2508 708 2574 Scantiam
732 2509 849 2572 vendas
877 2509 971 2573 nobis
1000 2511 1187 2575 consulibus
1215 2517 1305 2596 atque
1323 2511 1371 2574 hoc

245 2613 380 2679 senatu?
418 2618 454 2675 tu
480 2611 581 2674 ullum
611 2610 746 2695 vectigal
769 2611 932 2695 attingas?
969 2616 1006 2675 tu¹
1027 2649 1069 2660 —
1092 2614 1233 2697 eripias?
1269 2615 1306 2677 ad
1325 2612 1373 2688 Qu.

245 2717 285 2782 fr.
311 2717 338 2796 l,
360 2716 390 2792 3,
418 2716 431 2775 l
456 2717 533 2776 tune
560 2713 593 2776 id
620 2714 742 2777 veritus
771 2734 804 2775 es
833 2734 874 2776 ne
901 2733 960 2797 ego
985 2751 1022 2759 -
1047 2736 1165 2796 pueros
1194 2716 1233 2779 ad
1263 2721 1294 2780 te
1317 2717 1373 2778 sine

246 2816 363 2880 litteris
385 2814 550 2878 miserim?
578 2819 634 2877 aut
656 2815 753 2877 etiam
775 2834 816 2876 nc
839 2819 870 2877 te
895 2815 1000 2879 videre
1022 2815 1209 2881 noluerim?
1240 2817 1309 2901 Ego
1328 2816 1376 2880 tibi

247 2916 423 2982 irascerer?
450 2916 508 2979 tibi
538 2935 598 2998 ego
626 2937 752 2998 possem
781 2915 900 2978 irasci?
938 2914 1013 2980 Und
1041 2917 1119 2980 mnf
1139 2917 1248 2983 Zeilen
1271 2921 1377 2982 ociter:

247 3041 308 3105 ego
330 3023 363 3082 te
386 3018 492 3082 videre
520 3017 700 3082 noluerim?
738 3017 791 3080 fin.
815 3017 847 3101 4,
869 3019 899 3099 3,
922 3019 939 3081 7
964 3017 1110 3082 incendit
1137 3020 1240 3104 igitur
1265 3019 1379 3104 eosqui

247 3122 393 3186 audiunt
438 3118 562 3182 Darauf
587 3117 637 3182 die
660 3121 826 3183 Antwort:
863 3118 963 3202 quid?
992 3119 1046 3182 ille
1075 3121 1253 3187 incendat?
1282 3123 1390 3187 reatin?

247 3226 327 3307 guet
354 3223 458 3286 citius.
503 3219 584 3284 Phil.
611 3220 661 3302 13,
683 3221 733 3297 21,
755 3220 797 3284 48
824 3241 895 3284 cum
925 3220 1088 3303 venerint,
1121 3244 1203 3306 quae
1231 3225 1383 3308 postulent

249 3344 449 3409 cognoscam.
480 3321 718 3406 Entgegnung:
742 3321 782 3384 ad
803 3325 835 3385 te
851 3323 1018 3405 quisquam
1043 3324 1152 3388 veniat
1173 3326 1237 3388 nisi
1253 3325 1384 3389 Ventidii

248 3424 385 3489 similis?
421 3423 515 3488 Tusc.
538 3426 569 3505 4,
590 3424 621 3499 4,
643 3424 663 3485 8
691 3423 781 3506 atqui
810 3424 838 3485 si
865 3423 928 3486 ista
954 3425 1146 3506 perturbare
1175 3426 1318 3490 animum
1343 3448 1385 3489 sa·

249 3527 368 3610 pientia
390 3547 454 3590 non
478 3529 596 3608 potest,
619 3525 708 3587 nulla
729 3525 870 3608 poterit?
907 3524 990 3600 Quid
1014 3525 1124 3588 enim?
1153 3531 1301 3593 metusne
1322 3551 1387 3592 con·

251 3627 380 3693 turbet?
415 3627 499 3691 Phil.
521 3627 551 3703 2,
575 3627 606 3706 3,
629 3626 650 3689 5
671 3629 706 3689 at
727 3627 884 3691 beneficio
907 3649 976 3690 sum
998 3631 1055 3690 tuo
1076 3649 1162 3691 usus.
1187 3667 1229 3676 —
1251 3629 1313 3694 Sed
1335 3651 1388 3714 quo

251 3729 428 3794 beneficio?
465 3727 550 3812 quod
583 3748 634 3790 me
670 3727 834 3792 Brundisii
871 3750 935 3798 non
973 3728 1153 3792 occideris?
1189 3729 1292 3805 Quem
1329 3734 1389 3815 ipse

250 3832 353 3894 victor
384 3867 421 3876 -
449 3828 571 3893 salvum
600 3850 668 3892 esse
698 3831 863 3908 voluisset,
897 3852 968 3893 eum
1001 3833 1038 3891 tu
1065 3830 1251 3895 occideres?
1289 3834 1390 3914 (Sinnz

252 3932 350 3996 daran
378 3930 453 3994 hast
480 3931 522 3994 du
551 3952 610 4014 gar
637 3931 729 3995 nicht
755 3931 882 3994 denken
912 3930 1068 4014 konnen.)
1112 3954 1145 4013 p.
1169 3931 1254 3998 Sest.
1277 3936 1328 4016 21,
1355 3935 1391 3998 48

251 4032 351 4117 quid?
380 4036 449 4096 tum
472 4039 651 4096 mortemne
672 4032 924 4126 fugiebam&
946 4031 1085 4095 Mortem
1109 4024 1263 4116 ego,'vir
1286 4057 1392 4100 consu·

252 4133 342 4210 laris,
373 4133 546 4197 timerem?
582 4133 620 4196 ln
648 4133 805 4198 manchen
834 4136 975 4197 anderen
1000 4133 1122 4196 Stellen
1152 4134 1242 4200 kann
1266 4137 1317 4202 die
1339 4137 1392 4201 Zu-

252 4235 421 4317 muthung,
444 4235 565 4297 welche
586 4234 685 4298 durch
708 4236 759 4299 die
782 4235 945 4319 unwillige
961 4234 1063 4317 Frage
1084 4235 1291 4319 abgewiesen
1306 4239 1390 4320 wird,

254 4358 315 4399 nur
338 4358 394 4399 aus
417 4336 488 4400 dem
512 4335 809 4420 Zusammenhange
831 4338 970 4400 erkannt
991 4335 1135 4418 werden,
1164 4339 1225 4402 wie
1248 4362 1274 4403 z.
1300 4340 1336 4405 B.
1358 4340 1393 4403 de

253 4457 299 4500 or.
320 4440 346 4511 l,
368 4437 427 4517 38,·
447 4438 506 4499 174
520 4457 580 4520 ego
602 4437 661 4500 tibi
683 4438 781 4501 ullam
803 4458 930 4500 causam
953 4438 1109 4501 maiorem
1133 4441 1393 4505 committendam
