2932 5056
697 264 845 327 -232
890 267 927 310 -’-

236 421 301 484 ein
325 418 393 482 Mal
416 421 498 482 88181
520 438 555 481 er
577 416 611 481 in
638 417 749 481 diesen
776 413 898 480 Stelien
932 414 993 480 den
1021 414 1199 480 Indieativ:
1236 417 1269 493 5,
1295 416 1387 496 15,9

238 525 274 585 ut
295 526 419 584 taceam
443 519 526 602 quod
550 558 589 566 —
614 523 698 583 sunt.

322 621 478 706 Haufiger
499 621 578 685 wird
600 621 656 685 der
682 620 888 685 Indicativ
912 619 946 683 in
969 619 1059 684 nocht
1075 622 1229 703 spiateren
1253 618 1388 684 Schrift-

238 722 384 802 stellern,
414 723 474 788 wie
496 722 696 787 Priscian:
745 725 779 802 l,
806 724 826 785 2
855 721 957 806 (Keil)
986 722 1067 785 scire
1095 724 1202 786 autem
1233 721 1390 786 debemus

239 825 325 910 quod
348 862 387 871 —
407 821 589 908 perficiunt.
634 826 676 890 25
698 824 833 889 dicimus
855 845 886 906 q.
910 844 1055 907 apocopa
1075 824 1163 888 facta
1185 827 1245 891 est.
1277 824 1318 888 31
1337 846 1391 907 au

240 931 331 1012 paret
352 927 452 1011 igitur
473 949 504 1010 q.
528 930 614 992 sunt.
657 927 699 990 43
722 924 886 990 sciendum
909 947 940 1008 q.
970 928 1093 1002 manet,
1125 925 1194 989 und
1226 947 1263 990 so
1295 925 1392 1008 oster,

234 1031 271 1114 ja
292 1051 389 1113 sogor
410 1031 442 1110 5,
467 1028 507 1092 79
529 1028 600 1111 quis
622 1032 729 1093 autem
752 1029 876 1094 dubitat
896 1028 982 1111 quod
1003 1064 1046 1075 -
1068 1026 1159 1112 iungi
1182 1027 1318 1092 solent?
1348 1026 1392 1092 So

239 1131 320 1196 auch
356 1133 523 1216 August.
562 1130 622 1194 civ.
659 1129 699 1193 D.
735 1132 789 1215 ll,
817 1130 860 1193 26
893 1129 965 1213 quis
998 1128 1123 1193 dubitet
1162 1130 1250 1213 quod
1278 1152 1393 1195 eorum

239 1255 330 1300 amor
353 1254 444 1297 verus
467 1236 499 1297 et
526 1235 631 1297 certus
661 1231 733 1295 est?
779 1232 833 1310 12,
864 1231 884 1295 9
920 1252 988 1295 non
1024 1231 1158 1296 dubium
1193 1254 1223 1315 q.
1259 1232 1301 1296 ab
1336 1231 1394 1296 illo

239 1336 328 1401 facta
349 1335 401 1399 sit.
1002 1350 1003 1353 ’

325 1435 435 1500 Dutch
459 1436 514 1498 das
537 1456 640 1520 ganzo
663 1434 851 1499 Mittelalter
881 1433 993 1499 ziehen
1015 1435 1083 1500 sich
1105 1435 1193 1500 diese
1215 1436 1395 1503 construo

238 1540 360 1620 tioneu,
394 1559 429 1602 so
463 1537 538 1601 dass
570 1537 762 1600 Laurentius
789 1536 882 1600 Valla
912 1538 945 1600 in
974 1536 1032 1600 der
1059 1542 1165 1602 ersten
1196 1537 1314 1603 Helue
1339 1540 1397 1603 des

243 1643 290 1706 15.
312 1638 427 1705 Jahrb.
452 1642 530 1703 fiber
559 1638 622 1704 den
648 1637 923 1722 Modusgebrauch
950 1640 1022 1703 eine
1052 1639 1265 1704 willkurliche
1288 1639 1397 1726 Roget

242 1742 395 1821 aufstellt,
420 1741 560 1805 numlich
584 1763 658 1805 man
674 1740 753 1805 88118
769 1762 884 1825 sagon:
907 1743 1019 1824 opinor
1034 1741 1117 1825 quod
1134 1745 1399 1826 patermortuus

240 1850 299 1923 881,
332 1844 423 1908 aber:
459 1845 527 1909 voto
554 1844 638 1928 quod
667 1843 805 1921 scribas,
841 1842 925 1906 deun
957 1865 1019 1907 nur
1051 1842 1134 1907 nach
1161 1843 1223 1908 den
1256 1845 1400 1926 „verbis

240 1945 404 2031 opinionis
427 1949 459 2009 et
481 1945 656 2032 8818111188ιι
678 1944 769 2009 stehe
792 1947 876 2028 quod
897 1945 957 2009 mit
971 1945 1043 2009 dem
1057 1944 1229 2009 Indicativ.
1255 1945 1323 2011 Mit
1339 1947 1400 2013 der

241 2048 463 2113 [teformation
487 2047 602 2112 auderi
623 2045 693 2110 sich
723 2047 774 2111 die
797 2046 916 2130 Suche,
947 2048 1013 2110 und
1042 2046 1186 2111 Sanehez
1208 2046 1401 2136 (Sanctius)

241 2148 421 2234 polemisirt
443 2148 477 2212 in
499 2149 604 2213 seiner
628 2148 773 2214 Minerva
796 2171 902 2234 gegen
925 2149 1127 2234 diejeuigen,
1152 2147 1274 2214 welche
1296 2150 1400 2234 „dico

245 2251 340 2336 quod,
364 2250 459 2315 credo
482 2250 566 2334 quod
588 2251 707 2334 passim
731 2251 924 2316 blaterant“.
1144 2234 1151 2244 ’

330 2357 350 2434 ξ
372 2353 444 2419 380.
482 2351 591 2418 Selten
620 2353 664 2416 181
687 2355 763 2435 quio
787 2352 881 2436 (statt
895 2354 990 2435 quod)
1014 2375 1070 2418 zur
1085 2352 1279 2439 Einleitung
1302 2356 1400 2421 eines

242 2455 532 2521 Substantivsatzes
555 2453 738 2519 verwendet
763 2455 909 2532 worden,
948 2478 974 2519 z.
998 2453 1036 2518 Β.
1066 2455 1163 2519 Cato
1185 2457 1236 2533 25,
1262 2459 1278 2519 1
1304 2457 1400 2543 (Jor-

242 2559 320 2641 dan)
349 2554 588 2621 Rhodiensibus
617 2556 649 2620 id
677 2556 796 2635 oberit,
826 2555 911 2639 quod
939 2578 1006 2621 non
1035 2555 1306 2639 malefecerunt,
1341 2561 1399 2624 sed

241 2660 317 2744 quia
341 2659 477 2722 voluisse
500 2659 650 2723 dicuntur
672 2658 785 2722 facere.
831 2657 956 2722 Plaut.
980 2658 1050 2723 Cas.
1073 2658 1104 2737 2,
1126 2657 1157 2736 6,
1179 2658 1221 2722 26
1244 2658 1399 2745 iniquom

243 2765 293 2826 est
315 2763 391 2845 quia
412 2760 564 2843 („dass“).
610 2759 706 2829 Most.
729 2761 767 2825 51
792 2759 936 2824 invidere
966 2759 1027 2825 hou
1054 2758 1133 2823 mihi
1162 2760 1288 2844 vidore,
1318 2765 1401 2847 quia

245 2862 324 2927 mihi
348 2864 460 2928 benest
483 2866 516 2926 et
537 2862 596 2926 tibi
617 2861 742 2926 malost.
788 2862 861 2926 Aul.
885 2863 920 2939 3,
949 2864 985 2937 2,
1013 2864 1034 2925 4
1056 2862 1137 2927 istuc
1161 2862 1244 2927 male
1268 2863 1399 2931 factum

244 2963 395 3041 arbitror,
434 2966 510 3048 quia
545 2986 610 3029 non
642 2963 725 3027 latus
753 2963 829 3028 fodi.
852 2964 889 3041 4,
919 2965 955 3047 4,
981 2965 1028 3029 16.
1074 2964 1179 3046 (Aber
1201 2964 1294 3029 nicht
1318 2966 1398 3033 Ter.

244 3064 322 3130 Hoc.
344 3067 375 3150 4,
397 3066 428 3144 4,
450 3066 501 3144 41,
526 3087 577 3131 wo
601 3065 652 3131 ioh
675 3068 730 3148 qui
752 3067 828 3148 lesa,
851 3064 944 3131 nicht
966 3065 1060 3149 quia)
1104 3065 1199 3130 Neun
1229 3065 1297 3131 Mul
1329 3072 1401 3135 88181

246 3170 333 3250 quio,
357 3191 384 3231 u.
408 3167 446 3232 B.
468 3166 514 3230 Pl.
537 3167 625 3231 Trin.
651 3168 722 3233 938.
769 3168 883 3232 Pseud.
910 3168 980 3232 107.
1003 3168 1075 3233 568.
1112 3168 1183 3232 Ter.
1206 3168 1292 3234 Eun.
1318 3171 1397 3237 736.

244 3269 315 3335 998.
360 3268 454 3333 Mehr
476 3269 527 3333 bei
550 3267 785 3334 Zimmermaun
810 3269 842 3336 S.
866 3270 908 3333 22
923 3269 969 3354 fg.
995 3273 1057 3355 (wo
1080 3268 1111 3335 S.
1133 3269 1185 3353 22,
1208 3268 1243 3334 Ζ.
1267 3270 1288 3333 2
1313 3295 1348 3337 v.
1366 3297 1397 3338 u.

245 3371 296 3435 dic
319 3370 437 3436 Ziffern
460 3369 563 3435 falech
585 3372 681 3455 sind.)

330 3472 451 3537 Hieran
474 3493 548 3558 mag
571 3472 639 3538 sich
661 3474 717 3537 der
740 3474 790 3538 bei
813 3473 1071 3539 Kirchenvdtern
1093 3473 1305 3540 beobuchtete
1332 3478 1398 3543 Ge·

246 3574 368 3640 brauch
389 3595 452 3638 von
474 3576 552 3657 quia
574 3575 638 3639 und
673 3579 824 3659 quoniam
857 3575 1082 3640 anschliesseu.
1126 3576 1222 3641 Diese
1255 3576 1397 3645 schrift

248 3677 358 3741 stellet
380 3679 488 3740 setaeu
510 3676 561 3739 die
584 3677 698 3742 beiden
721 3678 886 3742 Partikeln
918 3679 1071 3743 nuweilen
1100 3682 1180 3743 81811
1207 3681 1308 3762 quod,
1339 3704 1397 3746 urn

247 3778 341 3843 einen
385 3774 578 3842 Inhaltssatz
623 3780 828 3863 einzuleiten,
874 3778 1139 3845 wabrscheiulich
1183 3781 1286 3845 durch
1337 3785 1397 3850 (188

246 3877 453 3945 Griechische
475 3879 555 3944 dazu
577 3880 724 3946 verleitet
747 3880 888 3966 (οὕνεκα
911 3915 952 3936 --
974 3879 1026 3947 ὅτι
1047 3883 1192 3968 „dass“).
1236 3883 1346 3952 Laut.
1363 3888 1395 3970 6,

246 3981 299 4063 22,
322 3982 342 4046 3
365 3981 426 4045 8811
447 3981 532 4046 enirn
556 3984 632 4066 quia
654 3985 766 4048 mortis
796 3990 846 4049 881
872 3983 1060 4050 fabricatrix
1083 3986 1240 4070 voluptas.
1286 3987 1316 4065 5,
1344 3990 1394 4069 17,

246 4084 290 4148 30
311 4083 461 4147 nesciunt
482 4083 567 4148 enim
591 4085 667 4168 quia
688 4087 807 4150 malum
830 4090 880 4152 881
901 4108 1025 4151 nocere.
1069 4088 1101 4165 4,
1126 4088 1175 4171 12,
1203 4088 1240 4151 18
1256 4091 1293 4151 ut
1307 4090 1395 4154 88188

248 4185 322 4267 quia
350 4204 409 4269 ego
436 4207 507 4249 sum
540 4186 688 4253 dominus
711 4187 807 4252 Deus.
852 4187 926 4253 Uud
950 4210 984 4251 so
1006 4190 1049 4253 ist
1071 4211 1104 4253 es
1126 4190 1176 4253 bei
1200 4188 1393 4274 Tertullian,

250 4285 400 4371 cyprian,
424 4287 621 4372 Fulgentius,
645 4288 803 4374 Sulpicius
826 4289 970 4355 Severus.
997 4327 1032 4338 -
1057 4291 1120 4355 Mit
1141 4293 1293 4374 quonium
1314 4294 1395 4356 weit

248 4387 400 4452 seltener:
445 4388 549 4456 Laot.
584 4391 620 4468 4,
652 4391 705 4473 18,
734 4391 776 4453 22
797 4392 936 4475 cogitate
959 4396 992 4456 81
1019 4393 1171 4459 ascendat
1193 4393 1227 4456 in
1253 4413 1309 4456 eor
1337 4417 1392 4458 ve·
