2904 5064
452 368 489 377 —
535 331 682 395 433-

77 486 128 546 881
157 484 283 567 wenige
311 483 469 567 derartige
493 483 614 550 Stelleu
638 480 763 564 finden,
791 481 825 544 iu
854 480 957 549 denen
980 482 1035 546 das
1058 482 1134 548 Ver·

77 581 152 649 duiss
173 585 265 649 nioht
286 586 388 651 sofort
410 584 606 651 hervortritt.

80 686 186 763 §4⁴st
229 686 278 751 181
308 688 380 752 dem
409 690 523 756 Aecus.
558 710 582 751 c.
610 685 670 749 inf.
701 683 751 747 eiu
776 680 1030 750 Relativsatz
1063 708 1134 771 pro

84 789 305 853 oustrativo
328 790 570 871 ooordiuirt‚
593 809 629 851 so
652 785 737 850 steht
752 784 900 849 letzterer
914 786 948 850 iu
964 787 1020 851 der
1034 786 1135 873 Rege}

80 887 107 952 1.
146 891 348 956 ebeufalls
371 893 420 956 im
445 886 741 968 8188888181,
769 886 837 949 also
859 886 912 950 fur
932 893 961 952 et
982 889 1041 952 mit
1063 889 1134 954 dem

77 992 416 1076 oustrativpronomeu.
467 996 535 1057 Aus
572 993 628 1057 der
660 986 916 1053 vorklassisuhen
951 987 1021 1052 Zeit
1056 992 1134 1056 wird

88 1088 179 1158 lmine
201 1091 300 1158 Stella
323 1093 508 1179 angelthrt,
532 1093 672 1159 sonderu
695 1093 761 1154 erst
782 1110 840 1153 aus
862 1088 1016 1155 Cicero:
1041 1091 1133 1159 Verr.

77 1188 98 1271 3,
124 1195 185 1260 160
214 1217 264 1259 res
293 1196 331 1258 ad
364 1218 435 1260 eum
458 1196 616 1260 defertur:
645 1213 713 1257 esse
737 1191 837 1255 civem
861 1189 1058 1277 Romanum,
1081 1198 1136 1280 qui

77 1300 261 1377 uereretur;
292 1318 383 1380 quem
404 1336 445 1346 -
468 1320 488 1361 a
515 1319 548 1361 se
576 1299 748 1360 retractum
778 1314 846 1356 8888
874 1296 906 1356 81
937 1301 1135 1361 asservatum

77 1412 130 1461 ser
144 1399 188 1462 sei
212 1419 275 1462 von
297 1399 398 1464 ihuen
421 1394 724 1485 fastgeuommeu“).
768 1395 824 1458 fiu.
846 1394 876 1474 3,
902 1395 957 1475 19,
981 1397 1023 1461 64
1044 1421 1136 1464 muu-

77 1503 192 1564 autem
216 1505 347 1566 censent
369 1503 437 1587 regi
461 1501 592 1565 numine
614 1499 746 1562 deorum
770 1534 805 1543 -
831 1517 868 1560 ex
889 1517 949 1577 quo
977 1496 1056 1561 illud
1077 1522 1135 1564 na·

77 1604 229 1684 consequi
251 1602 352 1686 (‚,uud
376 1604 491 1666 dsrsus
512 1602 601 1687 folge
623 1597 891 1683 uaturgemtsffl).
935 1619 1000 1682 rep.
1027 1603 1059 1685 1,
1084 1605 1134 1692 14,

77 1704 178 1768 nebat
200 1704 285 1767 euim
309 1703 418 1769 Gallus
441 1741 482 1752 -
503 1707 593 1769 ouius
620 1725 749 1769 omnem
771 1703 920 1762 ornatum
937 1704 977 1785 ,et
999 1707 1135 1792 descrip-

77 1820 111 1868 11
134 1805 277 1869 versibus
300 1807 435 1869 Aratum
458 1807 618 1871 extulisse.
665 1806 774 1872 Etwas
797 1808 1020 1874 abweieheud:
1044 1809 1134 1874 Verr.

77 1901 86 1959 l
121 1927 212 1988 quem
246 1928 316 1972 oum
352 1908 493 1972 audisset
525 1908 748 1992 interfectum,
786 1911 978 1994 permoleste
1011 1913 1133 1976 tulisse.

77 2026 99 2071 1.
124 2008 155 2073 b.
178 2029 208 2094 g.
234 2011 268 2091 1,
296 2009 339 2072 20
367 2031 431 2091 qua
458 2031 496 2073 ex
525 2031 559 2073 re
587 2010 730 2075 futurum
757 2016 794 2074 ut
815 2016 871 2077 ott.
897 2015 930 2096 1,
960 2015 999 2078 31
1023 2015 1137 2095 quibes

77 2109 119 2174 ,18
153 2110 452 2195 calamitatibusque
480 2149 520 2159 -
549 2117 677 2176 coaetos
716 2134 784 2177 esse
821 2113 978 2199 Sequanis
1011 2116 1137 2180 obsides

112 2212 224 2277 Oefter
246 2212 297 2276 bei
314 2211 468 2276 Livius:
490 2214 521 2296 3,
545 2213 574 2291 9,
601 2215 640 2279 10
661 2235 759 2296 quam
779 2215 940 2298 placatam
965 2255 1000 2264 -
1026 2217 1060 2280 in
1082 2239 1136 2281 an·

101 2313 202 2398 redigi
234 2314 328 2377 mala.
374 2314 411 2396 8,
437 2315 490 2391 19,
516 2314 556 2378 10
583 2337 675 2397 quem
702 2320 792 2380 extra
820 2318 947 2401 eulpam
971 2319 1046 2382 belli
1069 2341 1137 2383 esse

77 2435 94 2479 r
120 2415 301 2480 Vitrubium
335 2415 498 2481 iudicasse.
542 2417 601 2500 23,
632 2419 671 2482 10
678 2421 730 2502 ‚3
761 2441 860 2483 uuum
889 2441 957 2485 esse
982 2458 1018 2468 -
1043 2442 1137 2503 quem

77 2537 92 2580 8
119 2541 187 2583 esse
215 2517 414 2602 Campanum
442 2540 547 2603 neque
575 2520 637 2584 diei
672 2520 801 2599 debere,
826 2521 969 2608 Magium
993 2522 1136 2597 Decium,

77 2641 131 2704 geu
161 2620 217 2685 der
244 2618 552 2706 Zwiseheustellung
580 2622 781 2705 auffalleud.)
824 2624 882 2706 23,
910 2624 969 2707 44,
1001 2625 1017 2687 1
1048 2627 1138 2690 orius

78 2743 120 2786 ·os
142 2721 183 2786 ad
206 2743 276 2786 eam
299 2721 383 2785 diem
406 2722 580 2805 poenitere.
624 2723 711 2789 Aber
732 2726 824 2789 nicht
845 2726 903 2808 24,
926 2727 961 2806 3,
987 2727 1004 2790 7
1029 2726 1136 2811 (jetztt

95 2825 234 2888 cinerem
257 2823 365 2887 nullus
387 2845 526 2908 uuquam
550 2829 676 2890 moveat
690 2831 814 2891 ventus.
839 2826 914 2912 Vgl.
928 2826 1135 2914 Weisseub.).

78 2925 115 3004 ld,
141 2929 175 2989 11
203 2948 222 2989 a
244 2946 308 3007 quo
331 2928 437 2989 aetate
459 2927 557 2990 etiam
579 2926 689 2992 hostes
711 2929 809 2992 iratos
831 2929 1002 2994 abstinere.
1041 2931 1092 3007 29,
1108 2933 1137 3008 4,

78 3029 120 3106 ll,
146 3031 202 3111 11,
227 3029 255 3094 7.
300 3026 362 3090 Eiu
390 3025 456 3090 Mal
485 3028 544 3091 mit
571 3028 753 3093 fehleudem
781 3029 845 3094 qu.
870 3051 949 3096 esse:
993 3031 1051 3108 22,
1085 3032 1137 3108 53,

78 3129 159 3194 11188
191 3131 323 3194 iuvenes
344 3128 518 3213 quosdam,
542 3150 677 3212 quorum
698 3132 877 3227 principem
901 3131 934 3194 L.
959 3131 1134 3197 Caecilium

79 3232 170 3312 llum,
204 3251 292 3294 mare
321 3251 358 3294 ae
386 3252 483 3295 naves
511 3237 664 3316 spectare.
710 3232 809 3298 Ware
831 3239 906 3299 esset
927 3234 1139 3318 hinzugeiilgt

85 3332 271 3399 Nominativ
305 3334 443 3417 gesetzt,
472 3356 508 3398 so
542 3335 648 3399 wurde
682 3336 738 3399 das
771 3356 853 3419 ganz
881 3335 1063 3420 regelreeht
1090 3357 1138 3399 er·

79 3459 150 3501 ueu.

78 3537 162 3603 Tae.
185 3538 216 3602 h.
239 3542 276 3621 4,
304 3540 345 3603 21
375 3560 443 3603 8888
472 3538 533 3601 sibi
558 3539 722 3603 Vitellium
746 3576 786 3586 -
803 3559 865 3622 pro
893 3559 954 3621 quo
982 3538 1077 3602 fidem
1106 3543 1139 3603 81

78 3685 80 3702 .
101 3645 294 3707 retenturos.
338 3640 473 3726 Nepos
494 3640 531 3720 2,
555 3641 584 3724 1,
605 3642 627 3705 5
648 3640 759 3704 urbem
782 3677 823 3686 -
846 3643 935 3723 opud
955 3663 1051 3723 quam
1074 3642 1138 3705 iam

78 3743 179 3809 :lssses
202 3743 307 3829 regias
330 3743 445 3807 1881888
468 3742 683 3827 naufragium.

78 3845 103 3908 2.
126 3844 235 3911 881188
260 3845 324 3909 uud
349 3843 433 3909 wohl
455 3865 518 3906 uur
539 3845 590 3908 bei
612 3843 858 3909 uuklassisoheu
875 3846 1020 3911 Autoreu
1037 3847 1140 3910 findet

84 3948 117 4011 iu
142 3946 273 4012 soloheu
290 3946 530 4010 Relativsatzeu
553 3945 608 4009 der
624 3945 866 4028 (lonjuuotiv
890 3948 945 4011 der
961 3934 1137 4012 indirecten

106 4052 186 4113 statt
218 4049 273 4112 des
301 4047 477 4111 Infinitive:
525 4046 617 4110 Bell.
643 4046 742 4111 Gall.
770 4047 806 4130 8,
840 4049 880 4112 33
911 4049 1140 4131 impedimenta

79 4151 225 4215 lanorum
245 4188 280 4199 -
305 4171 387 4232 quoe
407 4151 436 4213 si
458 4148 659 4213 claudestina
680 4149 759 4232 fuga
780 4148 965 4214 subtrahere
989 4171 1139 4214 conaren-

89 4253 230 4337 effugere
258 4274 325 4316 uon
354 4249 448 4314 modo
479 4249 674 4334 equitatum,
698 4249 752 4313 sed
781 4272 822 4313 ne
845 4251 989 4335 legiones
1011 4251 1139 4336 quidem

79 4362 116 4420 81
139 4353 302 4439 (Subjeotz
340 4351 518 4437 oppidani).
564 4375 613 4436 op.
635 4351 678 4416 39
700 4350 855 4434 reliquam
878 4375 946 4418 esse
968 4375 1066 4418 uuam
1088 4375 1138 4418 ae·

79 4480 110 4522 m
133 4479 208 4521 suae
231 4455 427 4540 provinciae,
450 4475 548 4535 quam
569 4457 600 4519 81
620 4452 777 4519 sustinere
800 4457 993 4539 potuissent,
1014 4455 1140 4519 nullum

80 4578 168 4619 mn,
183 4569 236 4609 hist.
252 4569 342 4617 syntax
355 4566 396 4605 dor
409 4566 450 4605 lat.
465 4567 515 4617 Spu.
529 4566 559 4605 11.
587 4567 605 4605 2.
619 4563 679 4604 Auss.
905 4564 938 4619 ‘23
