2850 5062
547 351 777 414 -555-
910 327 912 330 ’

173 460 203 565 2.
251 501 445 566 Praesens
467 503 532 567 und
557 504 717 567 Perlect
739 503 1068 589 gegeniibergestellt.

173 611 205 685 a)
250 603 299 667 Im
332 603 572 687 Temporalsatz
612 604 740 669 Praes.
781 605 938 689 histor,
974 607 1018 669 im
1056 604 1236 688 Hauptsatz

83 705 191 771 Perf.
215 705 355 770 histor.
400 705 496 770 Diese
525 705 620 770 Form
647 707 690 770 ist
722 707 845 772 {lberall
879 707 995 782 selten:
1035 707 1121 773 Ter.
1152 707 1234 775 Eun.
1359 726 1361 730 ’

83 808 150 870 792
179 828 277 890 quom
297 807 367 871 tibi
396 807 436 870 do
468 809 562 872 istam
597 808 764 892 virginem,
801 808 908 873 dixtin
930 808 996 872 -l
1039 809 1120 874 (lic.
1143 808 1236 878 Rosc.

85 911 162 972 Am.
185 911 225 972 41
252 931 322 972 cum
357 909 510 974 occiditur
538 909 569 974 S.
599 910 749 988 Roscius,
782 910 901 975 ibidem
934 911 1073 975 fuerunt.
1120 910 1235 974 Wahr-

84 1010 268 1074 scheinlich
291 1011 386 1075 auch:
409 1011 501 1075 Verr.
526 1013 546 1075 2
567 1015 588 1093 15
613 1013 683 1076 130.
721 1011 813 1077 Hor.
830 1017 887 1077 sat.
904 1014 933 1094 2,
949 1013 978 1089 3,
994 1013 1116 1076 6011011
1132 1014 1236 1096 magis

83 1112 229 1176 audierit
250 1133 344 1195 quam
368 1112 474 1176 Fufius
496 1114 602 1177 ebrius
624 1113 715 1191 olim,
739 1135 810 1177 cum
834 1114 970 1178 Ilionam
993 1113 1132 1178 edormit
1154 1113 1235 1197 (scil.

85 1214 235 1299 audivit).
281 1215 368 1278 Aber
404 1214 488 1278 wohl
525 1215 617 1279 nicht
652 1214 730 1279 Liv.
759 1216 816 1294 23,
844 1217 900 1298 39,
931 1215 1113 1295 11111024,
1140 1217 1234 1291 11,1

86 1318 187 1398 (statt
209 1316 308 1400 dum).

175 1418 212 1501 b)
257 1418 304 1482 lm
327 1417 566 1503 Temporalsatz
589 1419 642 1482 ein
666 1418 860 1484 Praesens
882 1441 944 1483 von
967 1419 1236 1504 allgemeiner

86 1521 283 1604 Bedeutung
306 1522 483 1603 („wenn“),
506 1521 550 1584 im
566 1519 743 1605 Hauptsatz
766 1521 879 1603 Perf,
902 1521 981 1585 eben
1005 1541 1041 1584 so
1058 1520 1159 1584 selten
1174 1521 1235 1583 wie

87 1623 147 1688 Nr.
171 1645 200 1686 a.
246 1623 324 1687 cie.
348 1623 415 1689 Au.
438 1624 475 1700 4,
502 1623 554 1699 18,
581 1624 595 1685 l
620 1624 690 1686 cum
714 1623 786 1688 loca
808 1628 840 1687 et
862 1623 980 1687 itinera
1000 1626 1056 1686 tua
1077 1620 1159 1685 nihil
1182 1620 1237 1684 ha·
1276 1696 1284 1705 .

89 1726 165 1789 bere
190 1725 269 1788 certi
291 1723 397 1805 video,
420 1745 524 1807 neque
549 1725 582 1788 iu
606 1723 741 1808 Epirum
762 1763 795 1772 —
816 1747 921 1808 neque
944 1724 1090 1807 cuiquam
1113 1724 1176 1788 nisi
1197 1722 1236 1787 ad
1345 1719 1347 1721 ’

88 1834 121 1892 te
155 1827 262 1911 ipsum
296 1825 509 1908 proficiscenti
543 1824 615 1889 dedi
644 1826 779 1894 litteras.
824 1826 964 1909 (H'ochst
985 1825 1235 1910 ungewdhulich

88 1933 168 1994 stett
190 1929 323 2006 videam,
347 1949 411 1990 was
433 1927 606 1992 Ascensius
628 1928 807 2020 einsetzte.)
843 1927 1035 1992 Ausserdem
1051 1949 1113 1991 nur
1129 1926 1236 2011 Virg.

90 2032 128 2095 G.
156 2035 183 2112 1,
206 2031 279 2094 288.
302 2031 331 2107 3,
356 2029 429 2098 458.
476 2028 542 2092 Das
565 2028 691 2093 Perfert
712 2030 756 2093 im
772 2028 971 2114 Hauptsatze
986 2028 1173 2094 bezeichnet
1187 2028 1238 2092 die

88 2133 198 2197 bisher
215 2131 305 2215 jedes
328 2130 394 2195 Mal
416 2131 635 2215 eingetretene
658 2130 766 2217 Fulge.

175 2235 206 2319 c)
251 2233 299 2297 Im
315 2232 555 2316 Temporalsatz
571 2235 622 2297 ein
641 2234 858 2312 Praesens,
880 2234 924 2297 im
940 2234 1118 2318 Hauptsatz
1134 2232 1238 2297 Pers.

89 2337 280 2421 logicum,
318 2334 474 2399 ebenfalls
501 2335 592 2399 nicht
619 2334 737 2421 haufig.
788 2334 915 2402 Plaut.
946 2336 1011 2399 mil.
1038 2337 1119 2400 1375
1142 2357 1237 2419 quom

90 2447 222 2524 egomet
244 2458 369 2501 mecum
392 2437 516 2522 cogite,
539 2437 637 2501 stulte
659 2438 720 2502 leci
744 2437 799 2522 qui
827 2437 913 2501 hunc
936 2437 1027 2501 amisi
1051 2439 1160 2523 (statt:
1190 2439 1240 2501 in-

91 2542 204 2624 telligo
228 2561 278 2603 me
301 2539 397 2603 stulte
418 2538 555 2624 fecisse).
600 2538 690 2603 Eheu
714 2560 764 2602 so:
802 2538 893 2606 Cure.
916 2539 980 2604 583
1009 2539 1115 2604 hercle
1142 2539 1242 2604 verba

91 2638 290 2717 mihi-dedit,
314 2662 409 2724 quom
433 2641 551 2725 cogito.
596 2640 695 2706 Sonst
716 2641 774 2706 hat
795 2636 928 2731 Plautus
950 2642 984 2705 in
1007 2641 1137 2705 solchen
1160 2639 1240 2705 Ver·

92 2745 282 2827 bindungen
304 2763 368 2806 nur
389 2742 582 2827 Praesentia,
605 2767 629 2811 s.
644 2745 728 2807 oben
751 2745 790 2827 A,
817 2747 843 2825 1,
868 2743 898 2806 b.
923 2783 962 2792 —·
986 2743 1068 2807 Ter.
1083 2742 1159 2807 Hec.
1174 2743 1238 2806 428

91 2845 173 2910 haud
198 2845 300 2908 invito
323 2844 363 2907 ad
385 2845 469 2908 a‘uris
491 2866 595 2909 sermo
617 2846 660 2909 mi
683 2845 816 2911 accessit
843 2848 930 2924 tuos,
965 2865 1059 2929 quom
1091 2848 1123 2908 te
1152 2850 1237 2929 post-

94 2951 224 3031 putasse
248 2947 352 3010 omnis
374 2967 424 3011 res
446 2969 522 3030 prae
544 2952 676 3031 parente
699 2947 862 3031 intellego.
901 2946 1075 3011 Hoffmann
1093 2947 1240 3010 bemerlrt
1349 2952 1352 2957 '

94 3051 189 3114 daau:
213 3050 339 3113 occessit
353 3049 395 3112 ist
417 3049 467 3113 ein
492 3049 647 3114 Praesens
670 3049 715 3113 rei
737 3049 905 3133 perfectae,
929 3049 985 3112 der
1000 3046 1074 3112 Sata
1090 3048 1239 3113 bedentet

94 3145 175 3216 also:
199 3155 310 3235 gratus
332 3151 412 3214 mihi
436 3155 485 3215 est
507 3173 612 3216 sermo
635 3158 718 3214 tuus.
747 3187 783 3200 0-
806 3148 886 3215 cic.
909 3150 986 3226 fam.
1014 3150 1062 3231 12,
1085 3150 1136 3227 30,
1159 3151 1180 3212 2
1203 3154 1239 3212 ut

92 3255 178 3318 enim
201 3252 331 3336 gravius
354 3257 523 3337 aegrotant
545 3255 581 3335 ii,
616 3253 687 3336 qui,
720 3274 791 3316 cum
820 3252 917 3315 levati
945 3252 1056 3316 morbo
1080 3250 1237 3331 videntur,

93 3358 126 3420 in
149 3376 221 3418 eum
246 3354 284 3417 de
306 3356 433 3439 integro
455 3356 646 3433 inciderunt,
670 3356 715 3419 sic
737 3359 795 3417 ctt.
840 3351 928 3436 Virg.
947 3354 985 3416 A.
1009 3353 1039 3431 9,
1062 3353 1125 3416 435
1140 3352 1239 3416 veluti

91 3481 164 3523 oum
192 3463 244 3520 flos
269 3494 307 3505 -
331 3457 511 3541 languescit
532 3457 671 3521 moriens
694 3457 818 3519 lassove
846 3475 1008 3538 papavera
1036 3452 1117 3518 collo
1139 3451 1238 3516 demi·

91 3581 162 3624 sere
188 3563 294 3643 caput,
317 3559 424 3642 pluvia
446 3579 517 3622 cum
540 3558 622 3622 forte
644 3562 829 3642 gravantur.
874 3555 912 3620 G.
936 3557 966 3632 3,
989 3555 1054 3632 420
1074 3554 1121 3638 fg.
1159 3554 1237 3619 biv.

90 3668 120 3742 3,
144 3664 175 3740 8,
203 3664 234 3723 11
261 3660 337 3724 inde
360 3682 427 3724 rem
450 3661 490 3723 ad
512 3660 639 3724 triarios
661 3661 790 3742 redisse,
813 3680 883 3724 cum
907 3657 1087 3738 laboratur,
1110 3678 1238 3739 prover·

93 3765 147 3828 bio
171 3761 339 3826 increbuit.
385 3759 543 3830 Phaedr.
568 3765 596 3838 4,
621 3762 671 3843 23,
698 3762 746 3826 19.

141 3922 144 3927 ,
179 3865 214 3949 d)
257 3863 304 3927 Im
327 3860 509 3926 Nebensata
532 3861 636 3927 Perf.
667 3862 818 3944 histor,
842 3863 886 3926 im
901 3861 1080 3944 Hauptsatz
1103 3860 1239 3924 Praes.

91 3970 188 4032 hist.
233 3965 313 4027 Dies
346 3963 448 4028 schon
477 3965 526 4029 bei
554 3965 678 4029 Plaut.
709 3964 803 4028 Most.
837 3964 918 4029 1050
945 3983 1041 4047 quom
1070 3982 1142 4026 eum
1166 3983 1239 4026 cou-

90 4069 223 4150 vocavi,
261 4070 357 4150 atque
395 4066 516 4150 („da“)
554 4066 599 4130 illi
630 4089 681 4131 me
707 4088 746 4130 ex
780 4070 893 4130 senatu
929 4069 1113 4149 segregant.
1158 4063 1240 4130 Ter.

90 4170 195 4235 Andr.
220 4170 279 4232 121
303 4190 386 4253 quae
408 4190 503 4252 quom
526 4167 604 4232 mihi
632 4168 802 4232 lamentari
835 4172 962 4251 praeter
991 4170 1112 4230 ceteras
1140 4165 1241 4228 visast

91 4312 132 4322 -
156 4271 282 4336 accedo.
328 4269 407 4335 Cic.
436 4274 501 4354 top.
533 4271 571 4333 16
600 4292 670 4334 eum
701 4309 737 4319 -
767 4270 887 4334 fulmen
916 4267 1069 4332 iniectum
1098 4272 1161 4351 est,
1192 4268 1240 4330 inv

91 4376 277 4440 flammatur
313 4373 412 4436 navis.
459 4371 618 4435 Unsicher
654 4373 710 4436 ist:
755 4372 847 4436 Verr.
871 4369 923 4452 -Il,
954 4373 968 4434 l
994 4372 1014 4450 ξ
1036 4370 1078 4432 62
1106 4391 1177 4433 cum
1203 4407 1240 4416 —

91 4477 255 4564 profectus
278 4479 341 4554 est,
376 4478 444 4539 tum
473 4474 526 4538 isti
553 4513 588 4521 -
613 4497 677 4539 una
704 4475 958 4559 proficiscuntur.
1006 4470 1100 4538 Bell.
1132 4470 1241 4554 Hisp.
