<?xml version="1.0" encoding="UTF-8"?>
<!DOCTYPE html PUBLIC "-//W3C//DTD XHTML 1.0 Transitional//EN"
    "http://www.w3.org/TR/xhtml1/DTD/xhtml1-transitional.dtd">
<html xmlns="http://www.w3.org/1999/xhtml" xml:lang="en" lang="en">
 <head>
  <title>
</title>
<meta http-equiv="Content-Type" content="text/html;charset=utf-8" />
  <meta name='ocr-system' content='tesseract 3.04.00' />
  <meta name='ocr-capabilities' content='ocr_page ocr_carea ocr_par ocr_line ocrx_word'/>
</head>
<body>
  <div class='ocr_page' id='page_1' title='image "./historischesynt02draegoog/historischesynt02draegoog_0106.png"; bbox 0 0 2956 5054; ppageno 0'>
   <div class='ocr_carea' id='block_1_1' title="bbox 734 335 942 400">
    <p class='ocr_par' dir='ltr' id='par_1_1' title="bbox 734 335 942 400">
     <span class='ocr_line' id='line_1_1' title="bbox 734 335 942 400; baseline 0.005 -18"><span class='ocrx_word' id='word_1_1' title='bbox 734 335 942 400; x_wconf 76' lang='lat'>..76-</span> 
     </span>
    </p>
   </div>
   <div class='ocr_carea' id='block_1_2' title="bbox 126 485 1415 1185">
    <p class='ocr_par' dir='ltr' id='par_1_2' title="bbox 126 485 1415 1185">
     <span class='ocr_line' id='line_1_2' title="bbox 265 485 1415 573; baseline 0.002 -23"><span class='ocrx_word' id='word_1_2' title='bbox 265 485 431 552; x_wconf 87' lang='lat' dir='ltr'>fortiorem</span> <span class='ocrx_word' id='word_1_3' title='bbox 447 487 507 552; x_wconf 77' lang='lat' dir='ltr'>nec</span> <span class='ocrx_word' id='word_1_4' title='bbox 522 487 758 571; x_wconf 67' lang='lat' dir='ltr'><strong>prudentiorem</strong></span> <span class='ocrx_word' id='word_1_5' title='bbox 782 509 876 571; x_wconf 90' lang='lat' dir='ltr'>quam</span> <span class='ocrx_word' id='word_1_6' title='bbox 901 510 950 552; x_wconf 90' lang='lat' dir='ltr'>me</span> <span class='ocrx_word' id='word_1_7' title='bbox 972 488 1077 573; x_wconf 87' lang='lat' dir='ltr'>ipsum</span> <span class='ocrx_word' id='word_1_8' title='bbox 1099 508 1156 553; x_wconf 77' lang='lat' dir='ltr'>ccc</span> <span class='ocrx_word' id='word_1_9' title='bbox 1177 488 1275 553; x_wconf 80' lang='lat' dir='ltr'>etiam</span> <span class='ocrx_word' id='word_1_10' title='bbox 1298 525 1341 535; x_wconf 90' lang='lat'>-</span> <span class='ocrx_word' id='word_1_11' title='bbox 1366 486 1415 552; x_wconf 89' lang='lat' dir='ltr'>rri-</span> 
     </span>
     <span class='ocr_line' id='line_1_3' title="bbox 126 587 1415 674; baseline 0.001 -22"><span class='ocrx_word' id='word_1_12' title='bbox 126 604 131 609; x_wconf 87' lang='grc'><em>·</em></span> <span class='ocrx_word' id='word_1_13' title='bbox 262 587 360 652; x_wconf 86' lang='lat' dir='ltr'>mium</span> <span class='ocrx_word' id='word_1_14' title='bbox 391 590 426 654; x_wconf 93' lang='lat' dir='ltr'>in</span> <span class='ocrx_word' id='word_1_15' title='bbox 453 590 597 654; x_wconf 87' lang='lat' dir='ltr'>custodia</span> <span class='ocrx_word' id='word_1_16' title='bbox 624 590 736 654; x_wconf 89' lang='lat' dir='ltr'>salutis</span> <span class='ocrx_word' id='word_1_17' title='bbox 766 612 854 655; x_wconf 87' lang='lat' dir='ltr'>meac</span> <span class='ocrx_word' id='word_1_18' title='bbox 883 590 1080 674; x_wconf 73' lang='lat' dir='ltr'>diligentem.</span> <span class='ocrx_word' id='word_1_19' title='bbox 1125 589 1217 654; x_wconf 81' lang='lat' dir='ltr'>Ebeu</span> <span class='ocrx_word' id='word_1_20' title='bbox 1251 610 1291 652; x_wconf 94' lang='lat' dir='ltr'>so</span> <span class='ocrx_word' id='word_1_21' title='bbox 1315 589 1415 653; x_wconf 87' lang='lat' dir='ltr'>Dola·</span> 
     </span>
     <span class='ocr_line' id='line_1_4' title="bbox 263 690 1414 777; baseline 0.002 -23"><span class='ocrx_word' id='word_1_22' title='bbox 263 690 347 755; x_wconf 89' lang='lat' dir='ltr'>bella</span> <span class='ocrx_word' id='word_1_23' title='bbox 363 713 414 777; x_wconf 90' lang='lat' dir='ltr'>ap.</span> <span class='ocrx_word' id='word_1_24' title='bbox 429 690 493 757; x_wconf 81' lang='lat' dir='ltr'>Cic.</span> <span class='ocrx_word' id='word_1_25' title='bbox 512 691 585 758; x_wconf 86' lang='lat' dir='ltr'>farn.</span> <span class='ocrx_word' id='word_1_26' title='bbox 602 691 631 776; x_wconf 88' lang='lat'>9,</span> <span class='ocrx_word' id='word_1_27' title='bbox 647 692 676 771; x_wconf 87' lang='grc'>9,</span> <span class='ocrx_word' id='word_1_28' title='bbox 693 693 722 756; x_wconf 90' lang='grc'>2.</span> <span class='ocrx_word' id='word_1_29' title='bbox 753 713 811 756; x_wconf 91' lang='lat' dir='ltr'>nec</span> <span class='ocrx_word' id='word_1_30' title='bbox 823 691 962 756; x_wconf 88' lang='lat' dir='ltr'>nominis</span> <span class='ocrx_word' id='word_1_31' title='bbox 977 691 1025 755; x_wconf 88' lang='lat' dir='ltr'>sui</span> <span class='ocrx_word' id='word_1_32' title='bbox 1042 712 1102 756; x_wconf 91' lang='lat' dir='ltr'>nec</span> <span class='ocrx_word' id='word_1_33' title='bbox 1121 694 1414 775; x_wconf 85' lang='lat' dir='ltr'>rerumgestarum</span> 
     </span>
     <span class='ocr_line' id='line_1_5' title="bbox 262 793 1414 878; baseline 0.001 -21"><span class='ocrx_word' id='word_1_34' title='bbox 262 794 366 878; x_wconf 89' lang='lat' dir='ltr'>gloria</span> <span class='ocrx_word' id='word_1_35' title='bbox 387 815 485 876; x_wconf 79' lang='lat' dir='ltr'>neque</span> <span class='ocrx_word' id='word_1_36' title='bbox 506 796 602 859; x_wconf 83' lang='lat' dir='ltr'>etium</span> <span class='ocrx_word' id='word_1_37' title='bbox 624 814 735 877; x_wconf 85' lang='lat' dir='ltr'>regum</span> <span class='ocrx_word' id='word_1_38' title='bbox 763 815 801 858; x_wconf 92' lang='lat' dir='ltr'>ac</span> <span class='ocrx_word' id='word_1_39' title='bbox 823 795 992 859; x_wconf 87' lang='lat' dir='ltr'>nationum</span> <span class='ocrx_word' id='word_1_40' title='bbox 1027 793 1193 859; x_wconf 80' lang='lat' dir='ltr'>clientelis.</span> <span class='ocrx_word' id='word_1_41' title='bbox 1239 793 1337 857; x_wconf 86' lang='lat' dir='ltr'>Auch</span> <span class='ocrx_word' id='word_1_42' title='bbox 1361 793 1414 858; x_wconf 87' lang='lat' dir='ltr'>bei</span> 
     </span>
     <span class='ocr_line' id='line_1_6' title="bbox 263 894 1415 980; baseline -0.002 -19"><span class='ocrx_word' id='word_1_43' title='bbox 263 896 415 962; x_wconf 85' lang='lat' dir='ltr'>(lacsar</span> <span class='ocrx_word' id='word_1_44' title='bbox 437 894 521 960; x_wconf 88' lang='lat' dir='ltr'>nach</span> <span class='ocrx_word' id='word_1_45' title='bbox 544 894 783 960; x_wconf 86' lang='lat' dir='ltr'>wicderboltem</span> <span class='ocrx_word' id='word_1_46' title='bbox 805 917 877 961; x_wconf 77' lang='lat' dir='ltr'>aec:</span> <span class='ocrx_word' id='word_1_47' title='bbox 909 896 939 960; x_wconf 95' lang='lat' dir='ltr'>b.</span> <span class='ocrx_word' id='word_1_48' title='bbox 963 917 989 961; x_wconf 92' lang='lat' dir='ltr'>c.</span> <span class='ocrx_word' id='word_1_49' title='bbox 1016 897 1042 980; x_wconf 90' lang='grc'>1,</span> <span class='ocrx_word' id='word_1_50' title='bbox 1058 897 1085 961; x_wconf 73' lang='grc'>’5</span> <span class='ocrx_word' id='word_1_51' title='bbox 1107 916 1211 979; x_wconf 89' lang='lat' dir='ltr'>neque</span> <span class='ocrx_word' id='word_1_52' title='bbox 1234 897 1334 960; x_wconf 85' lang='lat' dir='ltr'>etiam</span> <span class='ocrx_word' id='word_1_53' title='bbox 1360 916 1415 960; x_wconf 83' lang='lat' dir='ltr'>ex-</span> 
     </span>
     <span class='ocr_line' id='line_1_7' title="bbox 261 997 1413 1082; baseline 0.001 -21"><span class='ocrx_word' id='word_1_54' title='bbox 261 999 355 1063; x_wconf 80' lang='lat' dir='ltr'>tremi</span> <span class='ocrx_word' id='word_1_55' title='bbox 383 998 460 1062; x_wconf 92' lang='lat' dir='ltr'>iuris</span> <span class='ocrx_word' id='word_1_56' title='bbox 489 997 720 1061; x_wconf 79' lang='lat' dir='ltr'>intercessione</span> <span class='ocrx_word' id='word_1_57' title='bbox 752 997 920 1066; x_wconf 87' lang='lat' dir='ltr'>retinendi.</span> <span class='ocrx_word' id='word_1_58' title='bbox 964 998 994 1062; x_wconf 94' lang='lat' dir='ltr'>b.</span> <span class='ocrx_word' id='word_1_59' title='bbox 1018 1019 1047 1082; x_wconf 85' lang='lat' dir='ltr'>g.</span> <span class='ocrx_word' id='word_1_60' title='bbox 1070 999 1101 1080; x_wconf 93' lang='grc'>5,</span> <span class='ocrx_word' id='word_1_61' title='bbox 1123 998 1165 1062; x_wconf 89' lang='grc'>52</span> <span class='ocrx_word' id='word_1_62' title='bbox 1192 997 1279 1081; x_wconf 89' lang='lat' dir='ltr'>quod</span> <span class='ocrx_word' id='word_1_63' title='bbox 1309 997 1413 1062; x_wconf 82' lang='lat' dir='ltr'>silvae</span> 
     </span>
     <span class='ocr_line' id='line_1_8' title="bbox 262 1097 1414 1185; baseline 0 -21"><span class='ocrx_word' id='word_1_64' title='bbox 262 1099 457 1185; x_wconf 84' lang='lat' dir='ltr'>paludesque</span> <span class='ocrx_word' id='word_1_65' title='bbox 494 1097 737 1163; x_wconf 76' lang='lat' dir='ltr'>intercedebant</span> <span class='ocrx_word' id='word_1_66' title='bbox 772 1121 876 1183; x_wconf 88' lang='lat' dir='ltr'>neque</span> <span class='ocrx_word' id='word_1_67' title='bbox 909 1101 1005 1164; x_wconf 91' lang='lat' dir='ltr'>etiarn</span> <span class='ocrx_word' id='word_1_68' title='bbox 1043 1098 1175 1183; x_wconf 79' lang='lat' dir='ltr'>parvulo</span> <span class='ocrx_word' id='word_1_69' title='bbox 1212 1098 1414 1164; x_wconf 87' lang='lat' dir='ltr'>detrimento</span> 
     </span>
    </p>
   </div>
   <div class='ocr_carea' id='block_1_3' title="bbox 193 1200 1413 2815">
    <p class='ocr_par' dir='ltr' id='par_1_3' title="bbox 193 1200 1413 2304">
     <span class='ocr_line' id='line_1_9' title="bbox 261 1200 1413 1284; baseline 0 -19"><span class='ocrx_word' id='word_1_70' title='bbox 261 1202 386 1267; x_wconf 90' lang='lat' dir='ltr'>illorum</span> <span class='ocrx_word' id='word_1_71' title='bbox 410 1201 514 1266; x_wconf 92' lang='lat' dir='ltr'>locum</span> <span class='ocrx_word' id='word_1_72' title='bbox 537 1201 674 1284; x_wconf 90' lang='lat' dir='ltr'>relinqui</span> <span class='ocrx_word' id='word_1_73' title='bbox 697 1200 836 1265; x_wconf 85' lang='lat' dir='ltr'>ridebat.</span> <span class='ocrx_word' id='word_1_74' title='bbox 875 1201 905 1266; x_wconf 96' lang='lat' dir='ltr'>b.</span> <span class='ocrx_word' id='word_1_75' title='bbox 930 1223 957 1266; x_wconf 92' lang='lat' dir='ltr'>c.</span> <span class='ocrx_word' id='word_1_76' title='bbox 976 1203 1010 1284; x_wconf 77' lang='lat'>1,</span> <span class='ocrx_word' id='word_1_77' title='bbox 1026 1200 1067 1266; x_wconf 91' lang='grc'>85</span> <span class='ocrx_word' id='word_1_78' title='bbox 1090 1201 1123 1265; x_wconf 92' lang='lat' dir='ltr'>in</span> <span class='ocrx_word' id='word_1_79' title='bbox 1146 1222 1180 1265; x_wconf 90' lang='lat' dir='ltr'>se</span> <span class='ocrx_word' id='word_1_80' title='bbox 1202 1203 1300 1266; x_wconf 68' lang='lat' dir='ltr'>ettam</span> <span class='ocrx_word' id='word_1_81' title='bbox 1322 1205 1413 1265; x_wconf 86' lang='lat' dir='ltr'>aeta·</span> 
     </span>
     <span class='ocr_line' id='line_1_10' title="bbox 261 1302 1412 1385; baseline -0.001 -17"><span class='ocrx_word' id='word_1_82' title='bbox 261 1304 304 1368; x_wconf 86' lang='lat' dir='ltr'>tis</span> <span class='ocrx_word' id='word_1_83' title='bbox 338 1303 574 1367; x_wconf 85' lang='lat' dir='ltr'>excusationem</span> <span class='ocrx_word' id='word_1_84' title='bbox 607 1303 690 1368; x_wconf 79' lang='lat' dir='ltr'>nibil</span> <span class='ocrx_word' id='word_1_85' title='bbox 722 1302 837 1367; x_wconf 88' lang='lat' dir='ltr'>valere.</span> <span class='ocrx_word' id='word_1_86' title='bbox 882 1302 1011 1369; x_wconf 90' lang='lat' dir='ltr'>Varro</span> <span class='ocrx_word' id='word_1_87' title='bbox 1040 1325 1065 1366; x_wconf 90' lang='lat' dir='ltr'>r.</span> <span class='ocrx_word' id='word_1_88' title='bbox 1094 1325 1119 1366; x_wconf 93' lang='lat' dir='ltr'>r.</span> <span class='ocrx_word' id='word_1_89' title='bbox 1152 1304 1180 1385; x_wconf 89' lang='lat'>1,</span> <span class='ocrx_word' id='word_1_90' title='bbox 1204 1302 1247 1366; x_wconf 93' lang='grc'>65</span> <span class='ocrx_word' id='word_1_91' title='bbox 1277 1324 1344 1367; x_wconf 91' lang='lat' dir='ltr'>non</span> <span class='ocrx_word' id='word_1_92' title='bbox 1370 1342 1412 1353; x_wconf 91' lang='lat'><em>-</em></span> 
     </span>
     <span class='ocr_line' id='line_1_11' title="bbox 260 1401 1413 1489; baseline 0.002 -21"><span class='ocrx_word' id='word_1_93' title='bbox 260 1426 363 1489; x_wconf 89' lang='lat' dir='ltr'>neque</span> <span class='ocrx_word' id='word_1_94' title='bbox 396 1405 502 1469; x_wconf 87' lang='lat' dir='ltr'>etiam.</span> <span class='ocrx_word' id='word_1_95' title='bbox 546 1406 576 1486; x_wconf 83' lang='lat'>3,</span> <span class='ocrx_word' id='word_1_96' title='bbox 607 1404 644 1468; x_wconf 89' lang='grc'>16</span> <span class='ocrx_word' id='word_1_97' title='bbox 667 1405 821 1468; x_wconf 85' lang='lat' dir='ltr'>nulla-</span> <span class='ocrx_word' id='word_1_98' title='bbox 841 1426 945 1488; x_wconf 89' lang='lat' dir='ltr'>neque</span> <span class='ocrx_word' id='word_1_99' title='bbox 974 1405 1080 1469; x_wconf 86' lang='lat' dir='ltr'>etiarn.</span> <span class='ocrx_word' id='word_1_100' title='bbox 1125 1401 1188 1467; x_wconf 90' lang='lat' dir='ltr'>Mit</span> <span class='ocrx_word' id='word_1_101' title='bbox 1220 1404 1413 1489; x_wconf 81' lang='lat' dir='ltr'>folgendem</span> 
     </span>
     <span class='ocr_line' id='line_1_12' title="bbox 260 1505 1411 1591; baseline 0.001 -20"><span class='ocrx_word' id='word_1_102' title='bbox 260 1526 325 1571; x_wconf 78' lang='lat' dir='ltr'>non</span> <span class='ocrx_word' id='word_1_103' title='bbox 352 1506 403 1570; x_wconf 91' lang='lat' dir='ltr'>bei</span> <span class='ocrx_word' id='word_1_104' title='bbox 432 1505 610 1571; x_wconf 85' lang='lat' dir='ltr'>Tacitus:</span> <span class='ocrx_word' id='word_1_105' title='bbox 645 1509 726 1590; x_wconf 85' lang='lat' dir='ltr'>Agr.</span> <span class='ocrx_word' id='word_1_106' title='bbox 750 1507 791 1571; x_wconf 80' lang='grc'>43</span> <span class='ocrx_word' id='word_1_107' title='bbox 820 1507 979 1571; x_wconf 83' lang='lat' dir='ltr'>extraneis</span> <span class='ocrx_word' id='word_1_108' title='bbox 1008 1507 1103 1571; x_wconf 89' lang='lat' dir='ltr'>etiam</span> <span class='ocrx_word' id='word_1_109' title='bbox 1133 1507 1318 1591; x_wconf 81' lang='lat' dir='ltr'>ignotisque</span> <span class='ocrx_word' id='word_1_110' title='bbox 1341 1529 1411 1572; x_wconf 90' lang='lat' dir='ltr'>non</span> 
     </span>
     <span class='ocr_line' id='line_1_13' title="bbox 193 1606 1412 1693; baseline 0.003 -23"><span class='ocrx_word' id='word_1_111' title='bbox 193 1647 200 1659; x_wconf 87' lang='lat'><strong>·</strong></span> <span class='ocrx_word' id='word_1_112' title='bbox 260 1609 330 1672; x_wconf 89' lang='lat' dir='ltr'>sine</span> <span class='ocrx_word' id='word_1_113' title='bbox 357 1630 432 1672; x_wconf 89' lang='lat' dir='ltr'>cura</span> <span class='ocrx_word' id='word_1_114' title='bbox 462 1608 532 1677; x_wconf 88' lang='lat' dir='ltr'>fuit.</span> <span class='ocrx_word' id='word_1_115' title='bbox 582 1606 709 1673; x_wconf 87' lang='lat' dir='ltr'>Anders</span> <span class='ocrx_word' id='word_1_116' title='bbox 740 1606 816 1674; x_wconf 83' lang='lat' dir='ltr'>(lic.</span> <span class='ocrx_word' id='word_1_117' title='bbox 846 1608 938 1678; x_wconf 84' lang='lat' dir='ltr'>Tusc.</span> <span class='ocrx_word' id='word_1_118' title='bbox 968 1609 998 1688; x_wconf 88' lang='lat'>3,</span> <span class='ocrx_word' id='word_1_119' title='bbox 1033 1609 1074 1673; x_wconf 88' lang='grc'>28</span> <span class='ocrx_word' id='word_1_120' title='bbox 1103 1608 1130 1672; x_wconf 88' lang='lat' dir='ltr'>si</span> <span class='ocrx_word' id='word_1_121' title='bbox 1159 1608 1259 1692; x_wconf 80' lang='lat' dir='ltr'>igitur</span> <span class='ocrx_word' id='word_1_122' title='bbox 1290 1609 1412 1693; x_wconf 88' lang='lat' dir='ltr'>deponi</span> 
     </span>
     <span class='ocr_line' id='line_1_14' title="bbox 260 1708 1410 1796; baseline 0.003 -23"><span class='ocrx_word' id='word_1_123' title='bbox 260 1713 382 1793; x_wconf 88' lang='lat' dir='ltr'>potest,</span> <span class='ocrx_word' id='word_1_124' title='bbox 420 1711 515 1775; x_wconf 86' lang='lat' dir='ltr'>etiarn</span> <span class='ocrx_word' id='word_1_125' title='bbox 556 1712 621 1775; x_wconf 89' lang='lat' dir='ltr'>non</span> <span class='ocrx_word' id='word_1_126' title='bbox 663 1710 781 1796; x_wconf 81' lang='lat' dir='ltr'>suscipi</span> <span class='ocrx_word' id='word_1_127' title='bbox 821 1712 928 1795; x_wconf 87' lang='lat' dir='ltr'>potest</span> <span class='ocrx_word' id='word_1_128' title='bbox 966 1710 1022 1796; x_wconf 89' lang='lat'>(=</span> <span class='ocrx_word' id='word_1_129' title='bbox 1064 1710 1185 1793; x_wconf 80' lang='lat' dir='ltr'>vitari).</span> <span class='ocrx_word' id='word_1_130' title='bbox 1238 1708 1329 1774; x_wconf 87' lang='lat' dir='ltr'>Brut.</span> <span class='ocrx_word' id='word_1_131' title='bbox 1372 1713 1410 1776; x_wconf 80' lang='grc'>17</span> 
     </span>
     <span class='ocr_line' id='line_1_15' title="bbox 260 1811 1411 1897; baseline 0.002 -23"><span class='ocrx_word' id='word_1_132' title='bbox 260 1811 420 1876; x_wconf 86' lang='lat' dir='ltr'>interdurn</span> <span class='ocrx_word' id='word_1_133' title='bbox 448 1814 546 1878; x_wconf 88' lang='lat' dir='ltr'>etiam</span> <span class='ocrx_word' id='word_1_134' title='bbox 573 1836 640 1878; x_wconf 92' lang='lat' dir='ltr'>nou</span> <span class='ocrx_word' id='word_1_135' title='bbox 674 1815 752 1878; x_wconf 90' lang='lat' dir='ltr'>salis</span> <span class='ocrx_word' id='word_1_136' title='bbox 781 1813 910 1897; x_wconf 90' lang='lat' dir='ltr'>apertis.</span> <span class='ocrx_word' id='word_1_137' title='bbox 954 1834 986 1876; x_wconf 92' lang='lat' dir='ltr'>n.</span> <span class='ocrx_word' id='word_1_138' title='bbox 1016 1811 1045 1881; x_wconf 82' lang='lat' dir='ltr'>d.</span> <span class='ocrx_word' id='word_1_139' title='bbox 1074 1811 1167 1894; x_wconf 80' lang='lat'>1‚40·</span> <span class='ocrx_word' id='word_1_140' title='bbox 1191 1811 1289 1875; x_wconf 87' lang='lat' dir='ltr'>etiam</span> <span class='ocrx_word' id='word_1_141' title='bbox 1312 1811 1411 1877; x_wconf 91' lang='lat' dir='ltr'>Philo</span> 
     </span>
     <span class='ocr_line' id='line_1_16' title="bbox 259 1903 1411 2001; baseline 0 -23"><span class='ocrx_word' id='word_1_142' title='bbox 259 1917 370 1978; x_wconf 87' lang='lat' dir='ltr'>noster</span> <span class='ocrx_word' id='word_1_143' title='bbox 390 1914 474 1979; x_wconf 84' lang='lat' dir='ltr'>ferre</span> <span class='ocrx_word' id='word_1_144' title='bbox 493 1937 561 1980; x_wconf 85' lang='lat' dir='ltr'>non</span> <span class='ocrx_word' id='word_1_145' title='bbox 584 1903 719 2001; x_wconf 86' lang='lat' dir='ltr'>poterat.</span> <span class='ocrx_word' id='word_1_146' title='bbox 759 1914 858 1979; x_wconf 90' lang='lat' dir='ltr'>Plin.</span> <span class='ocrx_word' id='word_1_147' title='bbox 882 1936 914 1978; x_wconf 88' lang='lat' dir='ltr'>n.</span> <span class='ocrx_word' id='word_1_148' title='bbox 931 1913 961 1978; x_wconf 95' lang='lat' dir='ltr'>b.</span> <span class='ocrx_word' id='word_1_149' title='bbox 986 1914 1046 1997; x_wconf 90' lang='lat' dir='ltr'>prf.</span> <span class='ocrx_word' id='word_1_150' title='bbox 1070 1916 1100 1994; x_wconf 58' lang='grc' dir='ltr'>ᾖ.</span> <span class='ocrx_word' id='word_1_151' title='bbox 1119 1913 1158 1977; x_wconf 93' lang='grc'>15</span> <span class='ocrx_word' id='word_1_152' title='bbox 1180 1913 1274 1976; x_wconf 87' lang='lat' dir='ltr'>nobis</span> <span class='ocrx_word' id='word_1_153' title='bbox 1297 1914 1411 1998; x_wconf 82' lang='lat' dir='ltr'>itaque</span> 
     </span>
     <span class='ocr_line' id='line_1_17' title="bbox 261 2014 1410 2099; baseline 0.002 -21"><span class='ocrx_word' id='word_1_154' title='bbox 261 2016 355 2080; x_wconf 89' lang='lat' dir='ltr'>ctiam</span> <span class='ocrx_word' id='word_1_155' title='bbox 379 2037 445 2080; x_wconf 91' lang='lat' dir='ltr'>non</span> <span class='ocrx_word' id='word_1_156' title='bbox 467 2018 621 2081; x_wconf 87' lang='lat' dir='ltr'>assecutis</span> <span class='ocrx_word' id='word_1_157' title='bbox 650 2017 787 2081; x_wconf 82' lang='lat' dir='ltr'>voluisse</span> <span class='ocrx_word' id='word_1_158' title='bbox 816 2015 942 2081; x_wconf 83' lang='lat' dir='ltr'>abunde</span> <span class='ocrx_word' id='word_1_159' title='bbox 969 2014 1138 2099; x_wconf 88' lang='lat' dir='ltr'>pulchrum</span> <span class='ocrx_word' id='word_1_160' title='bbox 1160 2052 1202 2062; x_wconf 92' lang='lat'><em>-</em></span> <span class='ocrx_word' id='word_1_161' title='bbox 1225 2018 1284 2084; x_wconf 89' lang='lat' dir='ltr'>est.</span> <span class='ocrx_word' id='word_1_162' title='bbox 1328 2015 1410 2080; x_wconf 85' lang='lat' dir='ltr'>Tac.</span> 
     </span>
     <span class='ocr_line' id='line_1_18' title="bbox 262 2115 1409 2197; baseline 0.005 -19"><span class='ocrx_word' id='word_1_163' title='bbox 262 2138 337 2181; x_wconf 87' lang='lat' dir='ltr'>aun.</span> <span class='ocrx_word' id='word_1_164' title='bbox 363 2118 412 2197; x_wconf 84' lang='lat'>13,</span> <span class='ocrx_word' id='word_1_165' title='bbox 436 2119 575 2183; x_wconf 84' lang='grc'>31111111</span> <span class='ocrx_word' id='word_1_166' title='bbox 599 2119 659 2184; x_wconf 87' lang='lat' dir='ltr'>Gai</span> <span class='ocrx_word' id='word_1_167' title='bbox 674 2119 819 2186; x_wconf 76' lang='lat' dir='ltr'>Caesaris</span> <span class='ocrx_word' id='word_1_168' title='bbox 841 2118 970 2183; x_wconf 87' lang='lat' dir='ltr'>turbata</span> <span class='ocrx_word' id='word_1_169' title='bbox 986 2138 1076 2184; x_wconf 89' lang='lat' dir='ltr'>ruens</span> <span class='ocrx_word' id='word_1_170' title='bbox 1100 2116 1163 2180; x_wconf 84' lang='lat' dir='ltr'>rim</span> <span class='ocrx_word' id='word_1_171' title='bbox 1186 2115 1316 2181; x_wconf 88' lang='lat' dir='ltr'>dicendi</span> <span class='ocrx_word' id='word_1_172' title='bbox 1339 2140 1409 2184; x_wconf 89' lang='lat' dir='ltr'>nou</span> 
     </span>
     <span class='ocr_line' id='line_1_19' title="bbox 261 2218 1409 2304; baseline 0.003 -22"><span class='ocrx_word' id='word_1_173' title='bbox 261 2220 410 2304; x_wconf 88' lang='lat' dir='ltr'>corrupit.</span> <span class='ocrx_word' id='word_1_174' title='bbox 458 2221 507 2300; x_wconf 87' lang='lat'>16,</span> <span class='ocrx_word' id='word_1_175' title='bbox 529 2221 572 2285; x_wconf 94' lang='grc'>22</span> <span class='ocrx_word' id='word_1_176' title='bbox 593 2221 733 2287; x_wconf 87' lang='lat' dir='ltr'>etiamne</span> <span class='ocrx_word' id='word_1_177' title='bbox 766 2220 904 2287; x_wconf 91' lang='lat' dir='ltr'>luctibus</span> <span class='ocrx_word' id='word_1_178' title='bbox 932 2223 965 2284; x_wconf 92' lang='lat' dir='ltr'>et</span> <span class='ocrx_word' id='word_1_179' title='bbox 987 2218 1149 2285; x_wconf 88' lang='lat' dir='ltr'>doloribus</span> <span class='ocrx_word' id='word_1_180' title='bbox 1171 2239 1236 2282; x_wconf 90' lang='lat' dir='ltr'>uon</span> <span class='ocrx_word' id='word_1_181' title='bbox 1259 2219 1409 2286; x_wconf 89' lang='lat' dir='ltr'>satiatur.</span> 
     </span>
    </p>

    <p class='ocr_par' dir='ltr' id='par_1_4' title="bbox 260 2319 1410 2815">
     <span class='ocr_line' id='line_1_20' title="bbox 348 2319 1409 2407; baseline 0.001 -20"><span class='ocrx_word' id='word_1_182' title='bbox 348 2321 474 2404; x_wconf 75' lang='lat' dir='ltr'>Quoque</span> <span class='ocrx_word' id='word_1_183' title='bbox 500 2343 565 2388; x_wconf 78' lang='lat' dir='ltr'>nors</span> <span class='ocrx_word' id='word_1_184' title='bbox 595 2323 695 2388; x_wconf 89' lang='lat' dir='ltr'>findet</span> <span class='ocrx_word' id='word_1_185' title='bbox 720 2322 789 2389; x_wconf 89' lang='lat' dir='ltr'>sich</span> <span class='ocrx_word' id='word_1_186' title='bbox 817 2323 909 2387; x_wconf 91' lang='lat' dir='ltr'>nicht</span> <span class='ocrx_word' id='word_1_187' title='bbox 931 2343 991 2386; x_wconf 85' lang='lat' dir='ltr'>vor.</span> <span class='ocrx_word' id='word_1_188' title='bbox 1010 2319 1171 2387; x_wconf 83' lang='lat' dir='ltr'>Cacsar:</span> <span class='ocrx_word' id='word_1_189' title='bbox 1206 2321 1235 2385; x_wconf 90' lang='lat' dir='ltr'>b.</span> <span class='ocrx_word' id='word_1_190' title='bbox 1259 2343 1287 2385; x_wconf 88' lang='lat' dir='ltr'>c.</span> <span class='ocrx_word' id='word_1_191' title='bbox 1310 2322 1342 2407; x_wconf 88' lang='lat'>3,</span> <span class='ocrx_word' id='word_1_192' title='bbox 1366 2324 1409 2388; x_wconf 80' lang='lat'>37</span> 
     </span>
     <span class='ocr_line' id='line_1_21' title="bbox 260 2422 1410 2508; baseline 0.003 -22"><span class='ocrx_word' id='word_1_193' title='bbox 260 2424 328 2487; x_wconf 90' lang='lat' dir='ltr'>tum</span> <span class='ocrx_word' id='word_1_194' title='bbox 351 2445 475 2507; x_wconf 86' lang='lat' dir='ltr'>quoqne</span> <span class='ocrx_word' id='word_1_195' title='bbox 497 2424 558 2488; x_wconf 94' lang='lat' dir='ltr'>sibi</span> <span class='ocrx_word' id='word_1_196' title='bbox 580 2424 791 2490; x_wconf 86' lang='lat' dir='ltr'>dubitandum</span> <span class='ocrx_word' id='word_1_197' title='bbox 813 2446 879 2489; x_wconf 91' lang='lat' dir='ltr'>non</span> <span class='ocrx_word' id='word_1_198' title='bbox 902 2424 1042 2508; x_wconf 82' lang='lat' dir='ltr'>putavit3</span> <span class='ocrx_word' id='word_1_199' title='bbox 1076 2423 1162 2487; x_wconf 87' lang='lat' dir='ltr'>dann</span> <span class='ocrx_word' id='word_1_200' title='bbox 1185 2423 1237 2487; x_wconf 92' lang='lat' dir='ltr'>bei</span> <span class='ocrx_word' id='word_1_201' title='bbox 1260 2422 1328 2487; x_wconf 82' lang='lat' dir='ltr'>Liv.</span> <span class='ocrx_word' id='word_1_202' title='bbox 1355 2425 1410 2504; x_wconf 92' lang='grc'>22,</span> 
     </span>
     <span class='ocr_line' id='line_1_22' title="bbox 260 2525 1409 2610; baseline 0.002 -22"><span class='ocrx_word' id='word_1_203' title='bbox 260 2525 311 2603; x_wconf 84' lang='grc'>42,</span> <span class='ocrx_word' id='word_1_204' title='bbox 334 2525 365 2590; x_wconf 90' lang='grc'>8.</span> <span class='ocrx_word' id='word_1_205' title='bbox 392 2526 419 2608; x_wconf 91' lang='grc'>1,</span> <span class='ocrx_word' id='word_1_206' title='bbox 442 2526 492 2605; x_wconf 89' lang='grc'>56,</span> <span class='ocrx_word' id='word_1_207' title='bbox 516 2527 536 2591; x_wconf 89' lang='lat'><em>8</em></span> <span class='ocrx_word' id='word_1_208' title='bbox 562 2525 650 2591; x_wconf 80' lang='lat' dir='ltr'>Bruti</span> <span class='ocrx_word' id='word_1_209' title='bbox 674 2548 797 2610; x_wconf 90' lang='lat' dir='ltr'>quoque</span> <span class='ocrx_word' id='word_1_210' title='bbox 819 2527 909 2592; x_wconf 79' lang='lat' dir='ltr'>baud</span> <span class='ocrx_word' id='word_1_211' title='bbox 929 2525 1043 2589; x_wconf 84' lang='lat' dir='ltr'>abnuit</span> <span class='ocrx_word' id='word_1_212' title='bbox 1057 2544 1254 2609; x_wconf 82' lang='lat' dir='ltr'>cognomen3</span> <span class='ocrx_word' id='word_1_213' title='bbox 1279 2547 1342 2589; x_wconf 85' lang='lat' dir='ltr'>von</span> <span class='ocrx_word' id='word_1_214' title='bbox 1367 2526 1409 2590; x_wconf 89' lang='lat' dir='ltr'>da</span> 
     </span>
     <span class='ocr_line' id='line_1_23' title="bbox 261 2624 1408 2715; baseline 0.003 -26"><span class='ocrx_word' id='word_1_215' title='bbox 261 2625 302 2689; x_wconf 91' lang='lat' dir='ltr'>ab</span> <span class='ocrx_word' id='word_1_216' title='bbox 329 2630 395 2690; x_wconf 89' lang='lat' dir='ltr'>erst</span> <span class='ocrx_word' id='word_1_217' title='bbox 422 2628 540 2692; x_wconf 89' lang='lat' dir='ltr'>wieder</span> <span class='ocrx_word' id='word_1_218' title='bbox 566 2628 644 2715; x_wconf 85' lang='lat' dir='ltr'>(und</span> <span class='ocrx_word' id='word_1_219' title='bbox 673 2650 758 2692; x_wconf 86' lang='lat' dir='ltr'>zwar</span> <span class='ocrx_word' id='word_1_220' title='bbox 785 2650 837 2692; x_wconf 89' lang='lat' dir='ltr'>am</span> <span class='ocrx_word' id='word_1_221' title='bbox 864 2627 1060 2712; x_wconf 74' lang='lat' dir='ltr'>hiufigsten)</span> <span class='ocrx_word' id='word_1_222' title='bbox 1083 2627 1134 2689; x_wconf 89' lang='lat' dir='ltr'>bei</span> <span class='ocrx_word' id='word_1_223' title='bbox 1157 2624 1339 2692; x_wconf 81' lang='lat' dir='ltr'>Tacitus:</span> <span class='ocrx_word' id='word_1_224' title='bbox 1375 2629 1408 2694; x_wconf 95' lang='lat' dir='ltr'>b.</span> 
     </span>
     <span class='ocr_line' id='line_1_24' title="bbox 260 2727 1409 2815; baseline 0.005 -24"><span class='ocrx_word' id='word_1_225' title='bbox 260 2728 297 2805; x_wconf 75' lang='grc' dir='ltr'>3,ι</span> <span class='ocrx_word' id='word_1_226' title='bbox 312 2728 354 2792; x_wconf 88' lang='lat'>63</span> <span class='ocrx_word' id='word_1_227' title='bbox 387 2729 419 2792; x_wconf 92' lang='lat' dir='ltr'>id</span> <span class='ocrx_word' id='word_1_228' title='bbox 450 2751 575 2814; x_wconf 90' lang='lat' dir='ltr'>quoque</span> <span class='ocrx_word' id='word_1_229' title='bbox 605 2751 672 2795; x_wconf 91' lang='lat' dir='ltr'>non</span> <span class='ocrx_word' id='word_1_230' title='bbox 705 2732 774 2796; x_wconf 87' lang='lat' dir='ltr'>sine</span> <span class='ocrx_word' id='word_1_231' title='bbox 807 2731 929 2795; x_wconf 88' lang='lat' dir='ltr'>decore.</span> <span class='ocrx_word' id='word_1_232' title='bbox 974 2750 1048 2793; x_wconf 88' lang='lat' dir='ltr'>ann.</span> <span class='ocrx_word' id='word_1_233' title='bbox 1078 2730 1107 2812; x_wconf 86' lang='lat'>3,</span> <span class='ocrx_word' id='word_1_234' title='bbox 1129 2727 1172 2792; x_wconf 83' lang='lat'>54</span> <span class='ocrx_word' id='word_1_235' title='bbox 1199 2749 1250 2792; x_wconf 90' lang='lat' dir='ltr'>me</span> <span class='ocrx_word' id='word_1_236' title='bbox 1281 2751 1409 2815; x_wconf 87' lang='lat' dir='ltr'>quoque</span> 
     </span>
    </p>
   </div>
   <div class='ocr_carea' id='block_1_4' title="bbox 151 2829 1408 2917">
    <p class='ocr_par' dir='ltr' id='par_1_5' title="bbox 151 2829 1408 2917">
     <span class='ocr_line' id='line_1_25' title="bbox 151 2829 1408 2917; baseline 0.005 -25"><span class='ocrx_word' id='word_1_237' title='bbox 151 2841 157 2853; x_wconf 85' lang='grc'><em>·</em></span> <span class='ocrx_word' id='word_1_238' title='bbox 261 2851 327 2894; x_wconf 91' lang='lat' dir='ltr'>non</span> <span class='ocrx_word' id='word_1_239' title='bbox 358 2852 427 2895; x_wconf 86' lang='lat' dir='ltr'>esse</span> <span class='ocrx_word' id='word_1_240' title='bbox 460 2832 673 2898; x_wconf 86' lang='lat' dir='ltr'>offensionum</span> <span class='ocrx_word' id='word_1_241' title='bbox 705 2833 843 2903; x_wconf 75' lang='lat' dir='ltr'>avidum.</span> <span class='ocrx_word' id='word_1_242' title='bbox 893 2832 924 2915; x_wconf 88' lang='lat'>6,</span> <span class='ocrx_word' id='word_1_243' title='bbox 956 2831 999 2895; x_wconf 85' lang='lat'>30</span> <span class='ocrx_word' id='word_1_244' title='bbox 1037 2833 1070 2894; x_wconf 93' lang='lat' dir='ltr'>et</span> <span class='ocrx_word' id='word_1_245' title='bbox 1101 2829 1246 2913; x_wconf 85' lang='lat' dir='ltr'>proximo</span> <span class='ocrx_word' id='word_1_246' title='bbox 1279 2853 1408 2917; x_wconf 89' lang='lat' dir='ltr'>quoque</span> 
     </span>
    </p>
   </div>
   <div class='ocr_carea' id='block_1_5' title="bbox 259 2932 1408 4546">
    <p class='ocr_par' dir='ltr' id='par_1_6' title="bbox 259 2932 1408 3628">
     <span class='ocr_line' id='line_1_26' title="bbox 261 2932 1407 3020; baseline 0.004 -25"><span class='ocrx_word' id='word_1_247' title='bbox 261 2932 412 2996; x_wconf 84' lang='lat' dir='ltr'>exercitui</span> <span class='ocrx_word' id='word_1_248' title='bbox 438 2972 474 2982; x_wconf 88' lang='lat'><em>-</em></span> <span class='ocrx_word' id='word_1_249' title='bbox 505 2957 569 2999; x_wconf 91' lang='lat' dir='ltr'>uon</span> <span class='ocrx_word' id='word_1_250' title='bbox 600 2936 756 3020; x_wconf 72' lang='lat' dir='ltr'>ingratus</span> <span class='ocrx_word' id='word_1_251' title='bbox 803 2936 851 3012; x_wconf 87' lang='grc'>14,</span> <span class='ocrx_word' id='word_1_252' title='bbox 874 2936 911 2999; x_wconf 92' lang='grc'>21</span> <span class='ocrx_word' id='word_1_253' title='bbox 940 2933 1075 2997; x_wconf 86' lang='lat' dir='ltr'>maiores</span> <span class='ocrx_word' id='word_1_254' title='bbox 1101 2951 1226 3016; x_wconf 89' lang='lat' dir='ltr'>quoque</span> <span class='ocrx_word' id='word_1_255' title='bbox 1254 2955 1321 2998; x_wconf 89' lang='lat' dir='ltr'>nou</span> <span class='ocrx_word' id='word_1_256' title='bbox 1351 2935 1407 3000; x_wconf 88' lang='lat' dir='ltr'>ab·</span> 
     </span>
     <span class='ocr_line' id='line_1_27' title="bbox 260 3032 1407 3121; baseline 0.004 -24"><span class='ocrx_word' id='word_1_257' title='bbox 260 3032 432 3103; x_wconf 89' lang='lat' dir='ltr'>horruisse.</span> <span class='ocrx_word' id='word_1_258' title='bbox 478 3037 525 3116; x_wconf 83' lang='lat'>15,</span> <span class='ocrx_word' id='word_1_259' title='bbox 549 3037 590 3101; x_wconf 88' lang='lat'>66</span> <span class='ocrx_word' id='word_1_260' title='bbox 612 3037 759 3102; x_wconf 87' lang='lat' dir='ltr'>militaris</span> <span class='ocrx_word' id='word_1_261' title='bbox 780 3058 904 3121; x_wconf 90' lang='lat' dir='ltr'>quoque</span> <span class='ocrx_word' id='word_1_262' title='bbox 931 3034 1127 3119; x_wconf 85' lang='lat' dir='ltr'>conspiratio</span> <span class='ocrx_word' id='word_1_263' title='bbox 1155 3054 1220 3097; x_wconf 91' lang='lat' dir='ltr'>non</span> <span class='ocrx_word' id='word_1_264' title='bbox 1248 3034 1332 3100; x_wconf 86' lang='lat' dir='ltr'>ultra</span> <span class='ocrx_word' id='word_1_265' title='bbox 1361 3038 1407 3102; x_wconf 76' lang='lat' dir='ltr'>fe</span> 
     </span>
     <span class='ocr_line' id='line_1_28' title="bbox 263 3134 1405 3223; baseline 0.004 -25"><span class='ocrx_word' id='word_1_266' title='bbox 263 3135 352 3203; x_wconf 89' lang='lat' dir='ltr'>fellit.</span> <span class='ocrx_word' id='word_1_267' title='bbox 396 3136 427 3204; x_wconf 93' lang='lat' dir='ltr'>h.</span> <span class='ocrx_word' id='word_1_268' title='bbox 450 3138 481 3221; x_wconf 88' lang='grc'>3,</span> <span class='ocrx_word' id='word_1_269' title='bbox 503 3140 524 3201; x_wconf 88' lang='grc'><strong>4</strong></span> <span class='ocrx_word' id='word_1_270' title='bbox 546 3160 669 3222; x_wconf 89' lang='lat' dir='ltr'>quoque</span> <span class='ocrx_word' id='word_1_271' title='bbox 691 3140 782 3206; x_wconf 76' lang='lat' dir='ltr'>nibil.</span> <span class='ocrx_word' id='word_1_272' title='bbox 827 3139 889 3203; x_wconf 90' lang='lat' dir='ltr'>Die</span> <span class='ocrx_word' id='word_1_273' title='bbox 911 3137 1075 3223; x_wconf 83' lang='lat' dir='ltr'>Negation</span> <span class='ocrx_word' id='word_1_274' title='bbox 1102 3134 1181 3220; x_wconf 84' lang='lat' dir='ltr'>geht</span> <span class='ocrx_word' id='word_1_275' title='bbox 1203 3135 1405 3202; x_wconf 78' lang='lat' dir='ltr'>nachdrticlr·</span> 
     </span>
     <span class='ocr_line' id='line_1_29' title="bbox 261 3235 1408 3323; baseline 0.006 -24"><span class='ocrx_word' id='word_1_276' title='bbox 261 3235 326 3300; x_wconf 89' lang='lat' dir='ltr'>lich</span> <span class='ocrx_word' id='word_1_277' title='bbox 348 3239 472 3303; x_wconf 84' lang='lat' dir='ltr'>verani:</span> <span class='ocrx_word' id='word_1_278' title='bbox 509 3241 557 3319; x_wconf 90' lang='grc'>15,</span> <span class='ocrx_word' id='word_1_279' title='bbox 579 3240 619 3306; x_wconf 86' lang='grc'>57</span> <span class='ocrx_word' id='word_1_280' title='bbox 642 3263 710 3306; x_wconf 92' lang='lat' dir='ltr'>non</span> <span class='ocrx_word' id='word_1_281' title='bbox 732 3241 817 3305; x_wconf 90' lang='lat' dir='ltr'>enirn</span> <span class='ocrx_word' id='word_1_282' title='bbox 840 3240 1035 3305; x_wconf 89' lang='lat' dir='ltr'>omittebant</span> <span class='ocrx_word' id='word_1_283' title='bbox 1058 3239 1204 3302; x_wconf 86' lang='lat' dir='ltr'>Lucanus</span> <span class='ocrx_word' id='word_1_284' title='bbox 1226 3260 1351 3323; x_wconf 90' lang='lat' dir='ltr'>quoque</span> <span class='ocrx_word' id='word_1_285' title='bbox 1373 3243 1408 3306; x_wconf 88' lang='lat' dir='ltr'>et</span> 
     </span>
     <span class='ocr_line' id='line_1_30' title="bbox 261 3338 1406 3427; baseline 0.003 -24"><span class='ocrx_word' id='word_1_286' title='bbox 261 3338 403 3405; x_wconf 87' lang='lat' dir='ltr'>Senecio.</span> <span class='ocrx_word' id='word_1_287' title='bbox 448 3340 543 3406; x_wconf 88' lang='lat' dir='ltr'>Mart.</span> <span class='ocrx_word' id='word_1_288' title='bbox 566 3343 597 3425; x_wconf 87' lang='lat'>3,</span> <span class='ocrx_word' id='word_1_289' title='bbox 620 3343 670 3427; x_wconf 77' lang='lat'>75,</span> <span class='ocrx_word' id='word_1_290' title='bbox 692 3343 713 3407; x_wconf 89' lang='grc'>6</span> <span class='ocrx_word' id='word_1_291' title='bbox 736 3343 782 3408; x_wconf 89' lang='lat' dir='ltr'>sic</span> <span class='ocrx_word' id='word_1_292' title='bbox 804 3364 928 3427; x_wconf 88' lang='lat' dir='ltr'>quoque</span> <span class='ocrx_word' id='word_1_293' title='bbox 956 3363 1024 3406; x_wconf 91' lang='lat' dir='ltr'>nou</span> <span class='ocrx_word' id='word_1_294' title='bbox 1053 3342 1143 3406; x_wconf 82' lang='lat' dir='ltr'>vivit.</span> <span class='ocrx_word' id='word_1_295' title='bbox 1169 3379 1206 3388; x_wconf 92' lang='lat'>—</span> <span class='ocrx_word' id='word_1_296' title='bbox 1232 3340 1305 3405; x_wconf 91' lang='lat' dir='ltr'>Von</span> <span class='ocrx_word' id='word_1_297' title='bbox 1328 3341 1406 3426; x_wconf 73' lang='lat' dir='ltr'>Spi-</span> 
     </span>
     <span class='ocr_line' id='line_1_31' title="bbox 259 3443 1404 3529; baseline 0.002 -23"><span class='ocrx_word' id='word_1_298' title='bbox 259 3445 349 3508; x_wconf 90' lang='lat' dir='ltr'>teren</span> <span class='ocrx_word' id='word_1_299' title='bbox 371 3443 415 3508; x_wconf 88' lang='lat' dir='ltr'>ist</span> <span class='ocrx_word' id='word_1_300' title='bbox 436 3445 521 3508; x_wconf 87' lang='lat' dir='ltr'>noch</span> <span class='ocrx_word' id='word_1_301' title='bbox 543 3466 581 3509; x_wconf 86' lang='lat' dir='ltr'>zu</span> <span class='ocrx_word' id='word_1_302' title='bbox 604 3467 750 3510; x_wconf 88' lang='lat' dir='ltr'>nennen:</span> <span class='ocrx_word' id='word_1_303' title='bbox 774 3445 874 3510; x_wconf 84' lang='lat' dir='ltr'>Gell.</span> <span class='ocrx_word' id='word_1_304' title='bbox 900 3446 928 3528; x_wconf 87' lang='lat'>1,</span> <span class='ocrx_word' id='word_1_305' title='bbox 951 3444 982 3529; x_wconf 83' lang='lat'>9,</span> <span class='ocrx_word' id='word_1_306' title='bbox 1007 3445 1046 3507; x_wconf 87' lang='grc'>12</span> <span class='ocrx_word' id='word_1_307' title='bbox 1061 3445 1117 3508; x_wconf 86' lang='lat' dir='ltr'>sed</span> <span class='ocrx_word' id='word_1_308' title='bbox 1139 3444 1173 3509; x_wconf 92' lang='lat' dir='ltr'>id</span> <span class='ocrx_word' id='word_1_309' title='bbox 1195 3466 1322 3528; x_wconf 87' lang='lat' dir='ltr'>quoqne</span> <span class='ocrx_word' id='word_1_310' title='bbox 1338 3465 1404 3508; x_wconf 94' lang='lat' dir='ltr'>non</span> 
     </span>
     <span class='ocr_line' id='line_1_32' title="bbox 260 3546 1246 3628; baseline 0.001 -18"><span class='ocrx_word' id='word_1_311' title='bbox 260 3546 525 3628; x_wconf 85' lang='lat' dir='ltr'>praetereundum</span> <span class='ocrx_word' id='word_1_312' title='bbox 549 3551 606 3615; x_wconf 89' lang='lat' dir='ltr'>est.</span> <span class='ocrx_word' id='word_1_313' title='bbox 1239 3612 1246 3620; x_wconf 62' lang='grc'>,</span> 
     </span>
    </p>

    <p class='ocr_par' dir='ltr' id='par_1_7' title="bbox 260 3645 1405 4426">
     <span class='ocr_line' id='line_1_33' title="bbox 345 3645 1405 3731; baseline 0.003 -22"><span class='ocrx_word' id='word_1_314' title='bbox 345 3645 546 3713; x_wconf 89' lang='lat' dir='ltr'>Wesentlich</span> <span class='ocrx_word' id='word_1_315' title='bbox 581 3647 785 3714; x_wconf 84' lang='lat' dir='ltr'>verschieden</span> <span class='ocrx_word' id='word_1_316' title='bbox 819 3648 925 3713; x_wconf 81' lang='lat' dir='ltr'>daron</span> <span class='ocrx_word' id='word_1_317' title='bbox 958 3649 1001 3712; x_wconf 91' lang='lat' dir='ltr'>ist</span> <span class='ocrx_word' id='word_1_318' title='bbox 1033 3670 1097 3714; x_wconf 76' lang='lat' dir='ltr'>reon</span> <span class='ocrx_word' id='word_1_319' title='bbox 1129 3685 1170 3696; x_wconf 79' lang='lat'>-</span> <span class='ocrx_word' id='word_1_320' title='bbox 1201 3668 1321 3731; x_wconf 77' lang='lat' dir='ltr'>quoquc</span> <span class='ocrx_word' id='word_1_321' title='bbox 1354 3647 1405 3712; x_wconf 90' lang='lat' dir='ltr'>bei</span> 
     </span>
     <span class='ocr_line' id='line_1_34' title="bbox 261 3746 1405 3834; baseline 0.002 -24"><span class='ocrx_word' id='word_1_322' title='bbox 261 3746 327 3811; x_wconf 85' lang='lat' dir='ltr'>Cic.</span> <span class='ocrx_word' id='word_1_323' title='bbox 346 3747 439 3817; x_wconf 85' lang='lat' dir='ltr'>Rosc.</span> <span class='ocrx_word' id='word_1_324' title='bbox 458 3750 529 3813; x_wconf 84' lang='lat' dir='ltr'>Am.</span> <span class='ocrx_word' id='word_1_325' title='bbox 546 3751 597 3832; x_wconf 91' lang='grc'>32,</span> <span class='ocrx_word' id='word_1_326' title='bbox 620 3752 659 3813; x_wconf 91' lang='grc'>91</span> <span class='ocrx_word' id='word_1_327' title='bbox 683 3772 702 3813; x_wconf 93' lang='lat' dir='ltr'>a</span> <span class='ocrx_word' id='word_1_328' title='bbox 725 3751 838 3834; x_wconf 87' lang='lat' dir='ltr'>quibus</span> <span class='ocrx_word' id='word_1_329' title='bbox 855 3750 952 3815; x_wconf 90' lang='lat' dir='ltr'>miror</span> <span class='ocrx_word' id='word_1_330' title='bbox 969 3789 1008 3797; x_wconf 87' lang='lat'>-</span> <span class='ocrx_word' id='word_1_331' title='bbox 1024 3772 1089 3815; x_wconf 89' lang='lat' dir='ltr'>non</span> <span class='ocrx_word' id='word_1_332' title='bbox 1111 3750 1265 3816; x_wconf 87' lang='lat' dir='ltr'>subsellia</span> <span class='ocrx_word' id='word_1_333' title='bbox 1280 3771 1405 3834; x_wconf 87' lang='lat' dir='ltr'>quoque</span> 
     </span>
     <span class='ocr_line' id='line_1_35' title="bbox 261 3850 1404 3939; baseline 0.001 -25"><span class='ocrx_word' id='word_1_334' title='bbox 261 3869 329 3914; x_wconf 85' lang='lat' dir='ltr'>csse</span> <span class='ocrx_word' id='word_1_335' title='bbox 352 3851 520 3916; x_wconf 88' lang='lat' dir='ltr'>combusta</span> <span class='ocrx_word' id='word_1_336' title='bbox 542 3850 670 3939; x_wconf 82' lang='lat' dir='ltr'>(&#39;‚,uicht</span> <span class='ocrx_word' id='word_1_337' title='bbox 691 3850 773 3915; x_wconf 91' lang='lat' dir='ltr'>auch</span> <span class='ocrx_word' id='word_1_338' title='bbox 795 3851 879 3916; x_wconf 89' lang='lat' dir='ltr'>noch</span> <span class='ocrx_word' id='word_1_339' title='bbox 895 3851 945 3917; x_wconf 90' lang='lat' dir='ltr'>die</span> <span class='ocrx_word' id='word_1_340' title='bbox 961 3851 1121 3937; x_wconf 60' lang='lat' dir='ltr'>sensae).</span> <span class='ocrx_word' id='word_1_341' title='bbox 1159 3851 1198 3918; x_wconf 91' lang='lat' dir='ltr'>In</span> <span class='ocrx_word' id='word_1_342' title='bbox 1221 3852 1404 3916; x_wconf 85' lang='lat' dir='ltr'>demselben</span> 
     </span>
     <span class='ocr_line' id='line_1_36' title="bbox 261 3939 1403 4038; baseline 0.002 -22"><span class='ocrx_word' id='word_1_343' title='bbox 261 3949 376 4016; x_wconf 84' lang='lat' dir='ltr'>Sinue:</span> <span class='ocrx_word' id='word_1_344' title='bbox 399 3951 438 4017; x_wconf 91' lang='lat' dir='ltr'>de</span> <span class='ocrx_word' id='word_1_345' title='bbox 460 3974 505 4021; x_wconf 91' lang='lat' dir='ltr'>or.</span> <span class='ocrx_word' id='word_1_346' title='bbox 527 3956 557 4032; x_wconf 91' lang='grc'>2,</span> <span class='ocrx_word' id='word_1_347' title='bbox 580 3955 621 4019; x_wconf 88' lang='grc'>56</span> <span class='ocrx_word' id='word_1_348' title='bbox 644 3939 721 4016; x_wconf 89' lang='lat' dir='ltr'>illud</span> <span class='ocrx_word' id='word_1_349' title='bbox 745 3953 872 4038; x_wconf 88' lang='lat' dir='ltr'>quidem</span> <span class='ocrx_word' id='word_1_350' title='bbox 895 3955 1035 4020; x_wconf 89' lang='lat' dir='ltr'>admiror</span> <span class='ocrx_word' id='word_1_351' title='bbox 1057 3957 1089 4018; x_wconf 90' lang='lat' dir='ltr'>te</span> <span class='ocrx_word' id='word_1_352' title='bbox 1111 3954 1206 4019; x_wconf 86' lang='lat' dir='ltr'>nobis</span> <span class='ocrx_word' id='word_1_353' title='bbox 1228 3954 1263 4017; x_wconf 94' lang='lat' dir='ltr'>in</span> <span class='ocrx_word' id='word_1_354' title='bbox 1286 3975 1324 4019; x_wconf 91' lang='lat' dir='ltr'>ec</span> <span class='ocrx_word' id='word_1_355' title='bbox 1347 3975 1403 4038; x_wconf 84' lang='lat' dir='ltr'>ge-</span> 
     </span>
     <span class='ocr_line' id='line_1_37' title="bbox 260 4055 1404 4141; baseline -0.001 -21"><span class='ocrx_word' id='word_1_356' title='bbox 260 4078 337 4120; x_wconf 89' lang='lat' dir='ltr'>nere</span> <span class='ocrx_word' id='word_1_357' title='bbox 364 4055 514 4120; x_wconf 88' lang='lat' dir='ltr'>tribuisse</span> <span class='ocrx_word' id='word_1_358' title='bbox 543 4059 669 4120; x_wconf 81' lang='lat' dir='ltr'>tanturn</span> <span class='ocrx_word' id='word_1_359' title='bbox 697 4059 730 4119; x_wconf 89' lang='lat' dir='ltr'>et</span> <span class='ocrx_word' id='word_1_360' title='bbox 757 4078 824 4121; x_wconf 91' lang='lat' dir='ltr'>non</span> <span class='ocrx_word' id='word_1_361' title='bbox 851 4055 944 4119; x_wconf 89' lang='lat' dir='ltr'>huius</span> <span class='ocrx_word' id='word_1_362' title='bbox 973 4078 1099 4141; x_wconf 87' lang='lat' dir='ltr'>quoque</span> <span class='ocrx_word' id='word_1_363' title='bbox 1130 4056 1176 4120; x_wconf 89' lang='lat' dir='ltr'>rei</span> <span class='ocrx_word' id='word_1_364' title='bbox 1198 4057 1339 4138; x_wconf 88' lang='lat' dir='ltr'>palmam</span> <span class='ocrx_word' id='word_1_365' title='bbox 1362 4093 1404 4102; x_wconf 92' lang='lat'><em>-</em></span> 
     </span>
     <span class='ocr_line' id='line_1_38' title="bbox 261 4156 1403 4242; baseline -0.003 -19"><span class='ocrx_word' id='word_1_366' title='bbox 261 4159 377 4223; x_wconf 84' lang='lat' dir='ltr'>Crasso</span> <span class='ocrx_word' id='word_1_367' title='bbox 400 4156 560 4221; x_wconf 88' lang='lat' dir='ltr'>detulisse.</span> <span class='ocrx_word' id='word_1_368' title='bbox 605 4157 685 4220; x_wconf 86' lang='lat' dir='ltr'>Liv.</span> <span class='ocrx_word' id='word_1_369' title='bbox 714 4159 746 4240; x_wconf 88' lang='grc'>4,</span> <span class='ocrx_word' id='word_1_370' title='bbox 768 4159 798 4239; x_wconf 89' lang='grc'>3,</span> <span class='ocrx_word' id='word_1_371' title='bbox 822 4160 840 4222; x_wconf 80' lang='grc'>1</span> <span class='ocrx_word' id='word_1_372' title='bbox 864 4162 897 4221; x_wconf 87' lang='grc'>11</span> <span class='ocrx_word' id='word_1_373' title='bbox 921 4180 986 4222; x_wconf 92' lang='lat' dir='ltr'>nou</span> <span class='ocrx_word' id='word_1_374' title='bbox 1015 4157 1211 4242; x_wconf 84' lang='lat' dir='ltr'>praeciditur</span> <span class='ocrx_word' id='word_1_375' title='bbox 1241 4178 1315 4241; x_wconf 91' lang='lat' dir='ltr'>spes</span> <span class='ocrx_word' id='word_1_376' title='bbox 1338 4157 1403 4240; x_wconf 87' lang='lat' dir='ltr'>ple·</span> 
     </span>
     <span class='ocr_line' id='line_1_39' title="bbox 260 4258 1401 4343; baseline -0.001 -19"><span class='ocrx_word' id='word_1_377' title='bbox 260 4259 332 4324; x_wconf 90' lang='lat' dir='ltr'>beio</span> <span class='ocrx_word' id='word_1_378' title='bbox 361 4279 495 4343; x_wconf 89' lang='lat' dir='ltr'>quoque.</span> <span class='ocrx_word' id='word_1_379' title='bbox 545 4258 632 4324; x_wconf 86' lang='lat' dir='ltr'>Tac.</span> <span class='ocrx_word' id='word_1_380' title='bbox 661 4281 736 4322; x_wconf 91' lang='lat' dir='ltr'>ann.</span> <span class='ocrx_word' id='word_1_381' title='bbox 766 4261 796 4340; x_wconf 85' lang='lat'>3,</span> <span class='ocrx_word' id='word_1_382' title='bbox 825 4260 868 4323; x_wconf 91' lang='grc'>20</span> <span class='ocrx_word' id='word_1_383' title='bbox 894 4259 978 4342; x_wconf 93' lang='lat' dir='ltr'>quod</span> <span class='ocrx_word' id='word_1_384' title='bbox 1012 4280 1077 4323; x_wconf 94' lang='lat' dir='ltr'>non</span> <span class='ocrx_word' id='word_1_385' title='bbox 1106 4279 1175 4323; x_wconf 89' lang='lat' dir='ltr'>earn</span> <span class='ocrx_word' id='word_1_386' title='bbox 1208 4280 1335 4343; x_wconf 88' lang='lat' dir='ltr'>quoqne</span> <span class='ocrx_word' id='word_1_387' title='bbox 1365 4297 1401 4305; x_wconf 92' lang='lat'>-</span> 
     </span>
     <span class='ocr_line' id='line_1_40' title="bbox 261 4361 435 4426; baseline -0.011 0"><span class='ocrx_word' id='word_1_388' title='bbox 261 4361 435 4426; x_wconf 87' lang='lat' dir='ltr'>tribuisset.</span> 
     </span>
    </p>

    <p class='ocr_par' dir='ltr' id='par_1_8' title="bbox 345 4459 1404 4546">
     <span class='ocr_line' id='line_1_41' title="bbox 345 4459 1404 4546; baseline -0.003 -15"><span class='ocrx_word' id='word_1_389' title='bbox 345 4464 375 4531; x_wconf 88' lang='lat'>3.</span> <span class='ocrx_word' id='word_1_390' title='bbox 414 4461 537 4546; x_wconf 82' lang='lat' dir='ltr'>Wegen</span> <span class='ocrx_word' id='word_1_391' title='bbox 562 4462 647 4526; x_wconf 90' lang='lat' dir='ltr'>ihrer</span> <span class='ocrx_word' id='word_1_392' title='bbox 662 4459 910 4526; x_wconf 89' lang='lat' dir='ltr'>verschiedenen</span> <span class='ocrx_word' id='word_1_393' title='bbox 925 4461 1118 4546; x_wconf 82' lang='lat' dir='ltr'>Bedeutung</span> <span class='ocrx_word' id='word_1_394' title='bbox 1137 4461 1268 4526; x_wconf 81' lang='lat' dir='ltr'>kiinneu</span> <span class='ocrx_word' id='word_1_395' title='bbox 1283 4483 1404 4545; x_wconf 76' lang='lat' dir='ltr'>quoquc</span> 
     </span>
    </p>
   </div>
   <div class='ocr_carea' id='block_1_6' title="bbox 0 0 1482 5054">
    <p class='ocr_par' dir='ltr' id='par_1_9' title="bbox 0 0 1482 5054">
     <span class='ocr_line' id='line_1_42' title="bbox 0 0 1482 5054; baseline 0 1"><span class='ocrx_word' id='word_1_396' title='bbox 0 0 1482 5054; x_wconf 95' lang='lat' dir='ltr'> </span> 
     </span>
    </p>
   </div>
  </div>
 </body>
</html>
