2932 5056
581 340 617 348 -
664 302 812 365 249-

110 457 150 516 ut
188 493 226 500 —
264 450 407 537 virgines
440 475 515 517 suas
548 455 788 538 prostituerent.
833 455 1000 520 Klassiker
1032 461 1141 521 setzen
1176 458 1269 522 dafitr

113 576 180 618 nur
203 554 269 617 den
292 556 409 619 Aecus.
433 575 459 618 c.
482 555 542 623 inf.

204 656 415 738 Spmmorsem
442 658 568 739 faciant
599 658 647 721 uti
678 660 765 722 certo
797 657 848 722 die
880 658 980 744 legati
1013 660 1108 725 domo
1142 663 1267 745 profici·

114 761 287 822 sacrentur
309 757 386 824 salt.
409 758 486 843 Jug.
511 759 561 837 79,
584 760 616 822 4.

205 859 337 925 Sancire
369 866 405 925 ut
438 882 505 924 war
537 860 653 945 gewiss
686 860 761 925 sehr
792 862 1034 946 gebriiuchlich,
1068 862 1169 928 findet
1196 865 1266 929 sich

117 962 198 1026 aber
225 961 259 1024 in
287 982 427 1026 unseren
450 960 583 1037 Qnellen
613 961 706 1026 nicht
737 962 800 1027 oft:
836 963 912 1030 Cic.
943 963 1009 1029 har.
1038 987 1122 1048 resp.
1154 966 1204 1047 14,
1227 967 1270 1031 32

118 1064 282 1129 communi
312 1064 380 1127 iure
414 1064 560 1147 gentium
588 1067 734 1128 sanctum
766 1068 816 1128 est
849 1069 885 1129 ut
915 1104 950 1113 -
981 1066 1118 1149 possint.
1164 1067 1219 1132 fin.
1249 1068 1269 1131 2

121 1169 139 1245 ξ
171 1168 231 1230 101
262 1187 381 1249 quaero
403 1169 524 1241 autem,
553 1164 627 1247 quid
651 1166 694 1229 sit
715 1166 799 1249 quod
821 1204 862 1214 -
885 1169 950 1230 tam
972 1171 1120 1232 accurate
1142 1172 1271 1253 tamque

123 1266 296 1355 diligenter
328 1270 441 1332 caveat
473 1270 505 1331 et
538 1266 662 1331 sanciat
695 1272 730 1331 ut
759 1306 797 1316 -
822 1269 909 1333 dent.
959 1268 1072 1334 Oefter
1104 1269 1187 1354 folgt
1218 1292 1267 1352 ae,

124 1369 195 1432 sehr
217 1369 320 1434 selten
345 1369 762 1434 Infinitivconstructionen.

207 1472 389 1537 Consentire
415 1477 467 1536 at:
501 1471 580 1536 Liv.
607 1474 633 1552 1,
657 1472 707 1552 32,
735 1472 783 1536 13.
813 1471 864 1553 30,
887 1471 938 1554 24,
964 1472 1013 1535 11.
1059 1472 1147 1537 Aber
1177 1473 1270 1538 nicht

80 1634 81 1638 ,
125 1575 153 1651 4,
174 1574 203 1656 6,
226 1575 248 1638 3
270 1576 380 1656 (jetztt
403 1572 614 1656 concessere).
1374 1571 1377 1577 ’

206 1674 399 1758 Conspirare
421 1675 481 1737 mit
501 1680 536 1738 ot
557 1695 618 1737 nur
640 1672 740 1737 Suet.
756 1673 823 1738 Jul.
845 1675 866 1738 9
888 1675 1030 1738 venitin
1054 1676 1268 1759 suspicionem

129 1778 325 1860 conspirasse
353 1783 389 1840 ut
415 1815 447 1823 -
479 1776 637 1859 principio
667 1776 745 1840 anni
775 1781 924 1840 senatum
949 1776 1162 1842 adorirentur.
1209 1778 1271 1843 Mic

129 1875 191 1942 dem
214 1878 377 1943 Infinitiv:
405 1878 516 1944 Claud.
539 1879 578 1941 37
602 1900 696 1962 quem
719 1901 791 1943 cnm
808 1916 845 1925 -—
863 1877 1104 1961 conspirassent
1126 1879 1268 1963 perdere.

206 1979 355 2063 Cogitcre
387 1986 423 2044 ct
454 1979 740 2064 „beabsichtigen“
770 1979 848 2044 Cio.
882 1978 976 2043 Tusc.
1008 1980 1035 2061 1,
1064 1981 1101 2044 15
1123 1981 1198 2063 quid
1231 2019 1268 2029 -

127 2080 203 2146 viros
227 2082 269 2145 ob
292 2102 393 2165 remp.
416 2082 604 2145 interfectos
633 2081 792 2165 cogitasse
815 2080 1030 2145 arbitramur?
1063 2080 1206 2147 isdemne
1234 2088 1271 2147 ut

119 2179 240 2248 finibus
269 2205 389 2247 nornen
422 2205 514 2247 sunm
547 2183 662 2267 quibus
694 2183 762 2247 rita
793 2182 1043 2247 terminaretur?
1077 2184 1271 2268 („begriinzt

114 2286 249 2351 werden
279 2285 450 2369 sollte“·)
500 2284 607 2351 Caes.
636 2284 665 2349 b.
698 2306 730 2368 g.
764 2286 795 2366 7,
823 2284 865 2349 59
892 2288 928 2348 nt
958 2284 1149 2348 incolumem
1184 2308 1271 2350 exer-

108 2388 220 2452 citum
245 2387 420 2464 reduceret,
443 2388 615 2472 cogitabat.
652 2381 729 2471 (Mit'
750 2407 806 2451 nc:
828 2387 857 2469 5,
873 2387 938 2469 57.)
977 2386 1111 2468 Nepos
1130 2388 1177 2465 10,
1194 2388 1224 2471 9,
1239 2389 1269 2451 2.

104 2485 294 2574 Capitol.
325 2488 422 2552 Gord.
451 2490 503 2553 32.
548 2488 635 2553 Aber
668 2510 706 2551 zu
739 2487 823 2551 allen
846 2485 959 2551 Zeiten
989 2508 1055 2550 war
1082 2487 1138 2552 der
1166 2490 1270 2554 blosse

101 2584 217 2655 lnfin.
251 2589 516 2674 gebrauchlicher
549 2591 613 2654 und
647 2590 689 2652 im
719 2588 877 2653 Altlatein
906 2587 1002 2652 allein
1031 2588 1269 2672 gebrauuhlich.

106 2691 284 2757 Meditari
305 2691 362 2755 hat
383 2698 419 2757 at
439 2692 584 2757 niemals.

215 2793 328 2859 Visum
349 2800 393 2859 est
413 2816 469 2877 „es
491 2792 578 2856 ward
600 2792 825 2858 bescblossen“
849 2793 950 2857 findet
977 2792 1044 2856 sich
1069 2794 1144 2856 sehr
1167 2794 1269 2859 selten

109 2895 183 2958 nnit
203 2899 256 2959 ut:
289 2894 372 2962 Ter.
396 2894 525 2960 Phorm.
547 2897 578 2973 4,
600 2897 631 2970 3,
658 2895 696 2958 14
718 2895 820 2958 visum
843 2897 892 2958 est
920 2895 963 2957 mi
988 2896 1023 2956 ut
1045 2894 1112 2958 eius
1134 2899 1270 2980 tempta·
1300 2976 1305 2984 .

117 3018 191 3059 rem
220 2997 424 3061 sententiam.
469 2997 661 3061 Ausserdem
694 3018 755 3060 nur
783 2995 1020 3080 Quadrigar.
1050 3018 1101 3080 ap.
1132 2997 1214 3062 Gall.
1238 2999 1269 3081 3,

125 3097 155 3176 8,
177 3099 197 3161 8
220 3098 323 3162 visum
357 3102 406 3162 est
427 3099 475 3161 uti
497 3103 529 3162 te
558 3099 681 3162 salvum
710 3097 853 3166 velimus.
898 3097 971 3162 Und
1004 3097 1111 3182 gleich
1139 3099 1270 3164 darauf:

130 3201 160 3261 et
191 3199 288 3263 simul
311 3200 413 3264 risum
443 3203 492 3264 est
521 3203 558 3263 ut
586 3204 619 3265 ts
640 3199 805 3264 certiorem
833 3199 1020 3262 faceremus.
1066 3199 1176 3265 Cicero
1205 3201 1270 3264 und

132 3299 244 3364 arrdere
266 3305 373 3365 setaen
397 3301 490 3364 datur
513 3301 572 3367 den
596 3301 750 3365 Infinitiv.
796 3299 902 3366 Ueber
931 3302 1034 3365 cidere
1055 3305 1091 3364 ut
1112 3304 1270 3386 „sorgen“

133 3419 154 3463 s.
176 3407 196 3483 ξ
219 3403 293 3466 401.

209 3507 230 3584 ξ
264 3504 338 3568 392.
389 3503 433 3567 Zu
471 3504 532 3568 den
569 3504 681 3568 Verbis
713 3503 974 3584 „beschtiessen“
1012 3501 1153 3586 gehbren
1191 3505 1270 3570 auch

125 3598 173 3670 die
196 3607 259 3669 mit
281 3608 420 3687 animus,
443 3628 530 3671 mnas
551 3606 617 3670 und
638 3608 804 3672 connitum
825 3604 1006 3690 gebitdeten
1031 3602 1192 3690 Phrasen,
1220 3608 1270 3672 die

123 3700 156 3771 1'11
187 3707 245 3770 der
274 3706 485 3772 archaischen
508 3709 682 3772 Litteratur
710 3707 812 3771 seiten
835 3706 923 3770 sind.
962 3705 1063 3770 Oato
1085 3728 1109 3769 r.
1134 3730 1158 3772 r.
1186 3712 1196 3771 1
1224 3710 1271 3775 sic

116 3807 157 3878 in
188 3814 299 3878 anisio
327 3811 437 3875 hebeto
465 3811 511 3873 uti
538 3831 581 3873 ne
610 3810 722 3892 cupide
751 3830 847 3873 emas.
894 3807 1020 3870 Plaut.
1046 3806 1164 3874 Bacch.
1190 3812 1271 3875 1186

113 3911 253 3980 induces
281 3913 442 3993 oninium,
472 3910 552 3976 haec
579 3917 615 3976 ut
642 3912 689 3975 eis
717 3911 834 3975 delicta
861 3911 1022 3992 ignoscas.
1068 3909 1168 3976 Stich.
1197 3913 1269 3977 346.

114 4008 224 4081 Poen.
255 4016 289 4093 4,
317 4013 346 4095 2,
368 4013 419 4078 55.
465 4013 532 4078 Μ11.
560 4015 639 4076 1358
667 4014 751 4077 venit
778 4011 857 4075 mibi
886 4012 923 4075 in
950 4016 1081 4075 mentem
1109 4019 1146 4076 ut
1168 4035 1271 4078 mores

114 4117 270 4182 mutandi
294 4115 387 4178 sient.
428 4113 543 4179 Bacch.
563 4115 622 4178 130
643 4135 740 4178 unum
764 4116 800 4178 in
822 4116 949 4176 menese
971 4111 1049 4175 mibi
1071 4135 1169 4196 nunc,
1193 4116 1271 4179 satis

117 4224 159 4282 ut
180 4216 350 4284 commode
366 4255 404 4262 —
422 4215 500 4280 haec
523 4220 684 4280 concuret.
726 4215 817 4279 Cure.
834 4216 865 4296 4,
887 4217 918 4293 4,
942 4216 971 4278 2.
1012 4213 1069 4278 Bei
1082 4213 1270 4280 Klassikern

121 4321 209 4385 finde
239 4317 293 4383 ich
328 4339 391 4381 nur
421 4318 547 4401 wenige
582 4317 690 4382 solche
720 4315 858 4381 Stelten:
897 4315 973 4380 Cic.
1003 4316 1095 4381 Rosc.
1128 4316 1200 4380 Am.
1233 4318 1272 4381 19

126 4424 269 4487 animum
308 4418 459 4484 inducere
496 4423 532 4482 ut
568 4421 714 4482 naturam
757 4417 859 4499 ipsam
897 4418 1049 4483 vinceret.
1107 4440 1139 4500 p.
1176 4417 1271 4486 Font.
