2926 5062
538 309 796 393 '-13-

110 484 164 546 bei
187 481 314 565 Livius,
348 480 406 544 der
438 479 1057 564 9119191191(11900939991101199191,
1088 481 1197 559 11198,
1224 480 1263 543 12

111 584 152 647 de
175 587 227 648 101
248 606 287 648 ac
310 588 378 647 tarn
395 581 581 665 potentibus
604 581 740 664 populis.
784 582 835 663 24,
857 583 900 647 26
914 586 964 646 tot
986 603 1023 646 99
1045 585 1112 646 tam
1128 581 1261 665 validae,

112 686 297 751 9111111191.
343 683 455 749 011119
492 682 649 748 Partilrel:
687 684 717 761 5,
750 684 793 747 54
824 687 874 748 101
905 688 971 747 tam
1000 683 1105 748 valida
1133 683 1261 768 oppida.

114 788 167 868 21,
190 788 211 852 9
234 788 321 851 inter
346 790 397 851 tot
420 790 487 850 tam
509 785 735 849 effrenatarum
757 786 903 870 gentium
933 807 1031 850 arma.
1076 786 1128 868 25,
1151 785 1264 850 24101

113 893 180 952 tam
203 890 349 973 opulenti
372 888 513 972 tyranni.
558 887 611 968 26,
648 887 685 950 13
713 885 792 950 haec
819 891 956 951 tottam
978 887 1102 965 acerba,
1146 887 1197 970 28,
1220 888 1262 950 28

111 994 251 1054 tottam
275 990 446 1075 praeclaris
469 988 728 1071 imperatoribus.
772 988 824 1066 29,
859 989 898 1053 21
934 992 984 1052 101
1016 994 1084 1053 tam
1112 990 1261 1054 nefanda.

198 1095 262 1155 Am
285 1091 559 1177 gewbhnlichsteu
583 1089 671 1154 steht
685 1089 742 1153 das
758 1090 948 1174 explicative
963 1096 991 1155 91
1006 1112 1062 1155 vor
1077 1093 1105 1155 is
1118 1090 1260 1176 (naehkl.

115 1193 199 1258 auch
214 1193 280 1279 bic)
301 1194 539 1276 oder'quidem3
562 1192 682 1276 Beliige
706 1193 778 1256 sind
800 1193 1001 1276 iiberflllssig.
1039 1192 1168 1256 Andere
1184 1192 1262 1257 Ver·

112 1296 315 1381 bindungen,
338 1297 388 1359 die
410 1296 479 1359 sich
500 1295 593 1358 nicht
614 1316 656 1358 an
679 1295 861 1359 bestimmte
877 1294 1010 1358 worter
1033 1294 1260 1377 anschliesaen,

113 1399 203 1462 sind:
226 1397 305 1462 (lic.
330 1397 423 1462 Catil.
452 1400 480 1478 1,
503 1399 523 1460 2
547 1418 632 1460 mors
655 1418 693 1462 99
714 1397 792 1479 reip.
815 1419 929 1480 poena.
974 1398 1036 1481 leg.
1060 1396 1146 1461 Man.
1170 1397 1211 1460 22
1226 1397 1260 1460 in

113 1500 176 1564 hoc
199 1500 284 1563 bello
307 1501 451 1564 Asiatico
475 1504 508 1562 et
528 1499 628 1583 regio.
674 1498 727 1563 off.
752 1500 781 1577 2,
810 1499 853 1562 20
873 1499 979 1583 inopis
1002 1501 1036 1562 et
1056 1499 1168 1582 optimi
1195 1499 1261 1562 viri.

113 1602 180 1665 hir.
207 1605 234 1685 1,
260 1604 297 1666 17
322 1622 430 1686 regem
453 1607 486 1664 et
508 1601 547 1664 ab
570 1602 649 1684 ipsis
673 1604 824 1664 creatum.
868 1601 899 1682 4,
931 1601 973 1665 55
1005 1605 1070 1665 1199
1104 1605 1197 1664 erant
1227 1605 1260 1664 91

111 1726 223 1768 omnes
246 1704 393 1768 acerrimi
418 1703 488 1767 viri.
533 1703 563 1785 9,
584 1703 635 1767 32.
667 1703 718 1785 26,
744 1704 792 1770 13.
823 1704 875 1784 34,
900 1702 953 1766 32.
989 1702 1116 1783 40,11.
1162 1703 1258 1786 Apul.

112 1810 187 1870 met.
213 1809 241 1887 1,
264 1806 306 1869 23
335 1809 368 1870 91
394 1810 480 1870 19919
513 1804 600 1888 „und
630 1827 713 1868 awar
741 1805 800 1867 mit
828 1804 967 1867 Recht.“
991 1841 1032 1850 -
1055 1802 1176 1868 Stellen
1204 1826 1261 1867 aus

111 1907 248 1993 Virgil
280 1908 371 1992 giebt
392 1906 549 1991 Forbiger
571 1929 608 1969 zu
632 1909 712 1970 Aen.
736 1906 766 1988 2,
790 1905 851 1970 '122
874 1905 939 1967 und
967 1904 1110 1989 Wagner
1132 1905 1260 1980 Quaest.

111 2009 203 2095 Virg.
226 2008 379 2091 XXXIII,
401 2011 432 2074 4.
1170 2075 1174 2083 ,

195 2111 283 2175 Τ99.
307 2111 337 2174 d.
361 2113 378 2175 7
402 2112 518 2196 vulgus
540 2132 664 2194 quoque
686 2111 870 2194 imperitum
893 2114 926 2173 91
947 2109 1108 2173 tunicatus
1131 2110 1183 2175 hic
1204 2133 1258 2195 po·

113 2214 216 2298 pnlus.
263 2212 441 2277 Aehnlieh:
471 2216 549 2296 Agr.
572 2213 615 2277 43
638 2213 751 2297 vulgus
774 2234 897 2296 quoque
920 2214 953 2275 et
974 2210 1027 2274 hic
1050 2212 1135 2275 aliud
1159 2235 1258 2298 agens

113 2316 259 2400 populus.
304 2315 336 2378 h.
362 2318 389 2396 1,
412 2316 453 2380 89
475 2316 589 2398 vulgus
613 2319 646 2378 91
662 2353 697 2363 -
716 2336 863 2379 curarum
879 2334 991 2396 expers
1004 2313 1149 2397 populus.
1181 2317 1258 2400 Agr.

112 2419 150 2481 41
175 2418 214 2482 de
238 2418 350 2481 limine
373 2418 498 2502 Imperii
521 2421 555 2481 et
575 2417 654 2500 ripa.
700 2416 738 2481 G.
764 2418 806 2480 29
828 2417 911 2480 ultra
940 2414 1086 2479 Rhenum
1116 2416 1260 2499 ultraque

114 2524 236 2583 1919199
259 2520 415 2584 1911111909
437 2519 574 2603 imperii.
612 2519 644 2587 b.
673 2522 700 2600 1,
722 2521 763 2583 25
787 2519 900 2603 vulgus
916 2522 948 2581 91
963 2521 1094 2581 9919109.
1133 2519 1175 2582 83
1191 2519 1258 2582 vul-

114 2644 172 2705 gus
194 2626 228 2685 91
255 2621 372 2705 plures.
420 2623 459 2685 19
486 2622 580 2686 medii
610 2642 648 2686 ac
680 2621 819 2708 plurimi.
862 2623 892 2699 2,
922 2621 962 2685 81
992 2621 1088 2685 991911
1116 2643 1154 2685 09
1180 2644 1257 2705 pau-

115 2723 203 2787 latim
227 2745 347 2788 omnes.
392 2724 424 2806 4,
448 2724 489 2787 26
512 2745 624 2788 amnes
647 2745 772 2807 quoque
800 2728 832 2786 91
859 2728 968 2788 vetera
996 2724 1121 2808 imperii
1155 2726 1257 2788 muni·

113 2830 231 2890 menta
278 2848 352 2889 ann.
376 2825 406 2907 2,
429 2825 471 2890 88
493 2826 667 2910 scriptores
690 2831 921 2908 senatoresque.

198 2929 227 2992 8.
272 2926 454 2992 Erlrltrend
477 2928 549 2992 sind
573 2928 655 2992 auch
678 2929 728 2992 die
756 2928 816 2992 11111
837 2935 865 2994 91
888 2929 1113 2993 verbundenen
1136 2929 1256 2993 kuraen

114 3029 404 3094 Parenthesen:
427 3029 601 3095 Vielleieht
622 3029 721 3095 achon
744 3029 828 3093 Ter.
852 3030 934 3096 Flun.
949 3033 980 3114 5,
996 3031 1025 3113 8,
1040 3032 1082 3098 43
1098 3036 1133 3095 tu
1149 3030 1257 3094 hercle

114 3153 184 3196 cum
206 3132 264 3196 illa
285 3169 327 3180 -
349 3136 382 3195 et
403 3132 540 3197 libenter
562 3133 651 3196 vivis.
700 3131 773 3197 cie.
795 3131 888 3199 Tuae.
912 3134 942 3215 3,
964 3134 1016 3212 20,
1032 3133 1073 3197 48
1089 3135 1123 3196 91
1137 3133 1256 3215 laudat,

116 3240 147 3297 91
169 3255 274 3318 saepe,
299 3235 448 3299 virtutem
465 3234 596 3317 (Orelli3
615 3234 697 3316 jetzt
712 3233 794 3297 fehlt
815 3240 844 3299 et
865 3235 898 3299 in
922 3235 985 3299 den
1001 3235 1151 3320 Ausgg.),
1175 3234 1253 3298 Sall.

116 3335 146 3400 J.
168 3339 221 3413 52,
243 3337 264 3400 3
286 3341 319 3399 91
347 3339 410 3400 iam
441 3337 492 3400 die
515 3359 628 3419 vesper
650 3341 727 3402 9191.
773 3335 919 3421 Lingere
948 3336 1166 3400 Parentheseu
1196 3337 1255 3399 mit

116 3445 142 3503 91
162 3440 336 3503 besonders
358 3440 409 3502 bei
433 3439 584 3503 Livius:
623 3440 652 3519 9,
675 3439 717 3503 28
739 3440 847 3502 omnia
874 3439 1018 3502 aedificia
1040 3441 1087 3520 (et
1108 3437 1255 3521 frequen·

117 3544 163 3603 ter
183 3542 229 3605 ibi
251 3540 473 3625 habitabatur)
494 3540 645 3606 incendit.
691 3541 720 3618 9,
743 3542 786 3604 44
808 3544 844 3604 91
865 3541 982 3605 stativa
1011 3543 1082 3605 tuta
1111 3540 1253 3623 copiosa-

113 3664 171 3726 que
200 3643 249 3727 (91
276 3643 321 3706 119
353 3645 459 3724 erant)
491 3642 609 3727 petisse
637 3643 807 3708 videretur.
857 3644 909 3726 21,
940 3643 978 3705 12
1006 3643 1045 3707 ad
1072 3647 1253 3726 praetorem

114 3745 327 3830 Saguntinum
360 3745 408 3828 (91
434 3746 503 3828 ipse
534 3744 578 3809 ita
608 3745 752 3830 iubebat)
782 3748 832 3808 991
858 3745 1022 3809 deductus.
1067 3745 1120 3825 22,
1152 3747 1253 3824 1,19.

113 3848 162 3926 23,
184 3849 228 3912 44
250 3868 287 3910 90
310 3847 415 3929 spatio
449 3851 495 3929 (91
525 3851 601 3911 sunt
630 3849 737 3912 omnia
770 3847 874 3930 campi
906 3847 992 3910 circa
1019 3845 1149 3927 Nolam)
1181 3869 1253 3911 con-

113 3954 288 4016 currerunt.
334 3949 385 4031 28,
407 3949 428 4011 2
450 3948 534 4012 hanc
557 3950 672 4014 iustam
696 3950 855 4034 legionem
885 3951 933 4031 (et
953 3948 985 4011 id
1008 3948 1110 4013 ferme
1130 3949 1254 4014 roboria

113 4057 193 4132 erat)
216 4053 251 4115 in
274 4051 379 4134 prima
399 4050 467 4114 9919
490 4051 584 4115 locat
624 4053 676 4133 29,
699 4052 741 4116 23
764 4054 991 4115 9199919919
1014 4072 1125 4114 omnes
1141 4048 1253 4114 Numi-

111 4153 167 4217 dae
190 4153 348 4217 barbaros
370 4152 460 4216 effusi
482 4154 515 4217 in
540 4152 708 4218 Venerem.
753 4154 803 4230 31,
827 4153 870 4216 45
893 4157 926 4216 91
954 4155 1025 4216 9191
1045 4151 1190 4227 1911119111
1207 4154 1252 4217 ibi

110 4256 232 4339 regium
256 4254 460 4338 praesidium.
497 4256 864 4336 35,3491919119119
897 4255 1077 4337 praefectus
1100 4256 1252 4337 equitum.

111 4358 158 4440 44,
181 4359 203 4422 9
227 4360 262 4420 91
292 4355 401 4420 9199919
432 4357 567 4441 appulsa
599 4356 640 4420 ab
670 4357 765 4422 litore
794 4357 973 4420 9191191-
996 4354 1151 4440 Hilufiger
1172 4361 1254 4421 setzt

57 4502 64 4509 -
110 4460 181 4524 aber
205 4458 325 4524 Livius
347 4458 397 4521 die
413 4456 609 4524 Parenthese
632 4457 844 4544 asyndetiseh.
