2888 5070
658 339 697 347 ·-
743 302 806 364 268
852 340 888 348 -

203 453 507 537 unpersilnlioh,
533 453 610 517 wird
633 476 688 517 888
712 453 768 516 der
789 454 874 517 alten
892 455 963 520 zeii
984 453 1068 517 nooh
1091 452 1184 517 nieht
1206 451 1361 516 erw’ahnt

199 556 264 619 und
294 554 381 619 steht
409 555 460 619 bei
483 555 624 620 Cicero
646 554 829 638 pers'onlieh
852 557 885 620 in
909 559 965 621 der
987 555 1183 639 Bedeutung
1213 553 1363 635 „darauf

198 656 448 740 hiuausgehen“
461 679 469 719 t
499 657 537 720 de
560 678 606 721 or.
633 660 648 720 1
672 662 692 737 ξ
716 658 780 720 244
801 679 916 741 nempe
938 658 1007 722 eius
1029 657 1135 720 omnis
1158 656 1268 720 oratio
1293 676 1359 718 ver·

74 835 75 841 ,
200 761 269 821 8818
291 758 397 822 estin
420 779 457 822 88
484 763 520 822 81
547 758 701 841 scriptum
731 757 903 841 plurimum
927 759 1033 823 valere
1062 761 1214 841 oportere
1246 756 1359 820 defen-

200 858 296 922 deret.
341 859 380 922 ad
409 859 467 934 uu.
491 859 530 923 fr.
555 861 589 936 3,
615 862 648 938 1,
676 864 689 923 l
719 864 822 924 toturn
851 863 884 923 in
914 882 950 924 88
980 864 1091 924 881-
1115 859 1296 924 tectorium
1327 864 1361 921 ut

200 960 393 1025 concinnum
416 962 459 1026 811
487 965 498 1047 (
507 983 562 1044 „es
589 962 714 1024 kommt
740 983 823 1045 ganz
846 961 960 1025 darauf
980 983 1038 1038 88,
1071 960 1122 1024 dia
1146 958 1360 1044 Hauptsaohe

199 1063 294 1147 isr‘).
340 1062 448 1126 Daran
478 1062 626 1128 schliesst
648 1063 716 1126 sieh
742 1062 880 1126 [rivius
907 1064 968 1126 mit
988 1062 1166 1147 folgenden
1189 1067 1360 1145 person·

198 1162 333 1227 lichen
357 1164 647 1229 Constructionen:
680 1165 716 1242 4,
738 1165 780 1228 56
809 1164 910 1247 plebis
942 1164 1079 1228 victoria
1107 1164 1172 1226 fuit
1201 1163 1236 1226 in
1263 1186 1302 1227 88
1325 1169 1361 1227 81

197 1287 277 1348 quae
301 1266 434 1330 mallent
457 1266 586 1330 comitia
608 1264 766 1329 haberent
787 1264 963 1349 („bestand
986 1267 1088 1347 daria,
1112 1265 1245 1348 dass“).
1287 1265 1360 1330 Per-

198 1367 323 1432 8181181
347 1367 428 1431 8881
451 1369 511 1430 mit
533 1367 603 1430 dem
628 1366 777 1450 Subjeete
799 1387 847 1431 ras
869 1367 902 1430 in
925 1367 981 1430 der
1000 1366 1191 1450 Bedeutung
1214 1369 1281 1444 „in
1305 1369 1361 1431 der

199 1468 283 1554 hage
305 1470 423 1533 sein“:
453 1469 509 1551 30,
531 1467 589 1549 Χ19,
612 1469 632 1534 3
655 1490 721 1532 888
744 1469 778 1531 18
801 1489 838 1532 eo
867 1490 935 1532 esse
958 1467 1288 1551 Carthaginiensium
1312 1491 1362 1535 res

198 1574 232 1633 81
255 1570 392 1635 Galliam
422 1574 517 1653 atque
540 1568 667 1632 ltaliam
695 1570 793 1633 armis
816 1569 992 1634 obtineant.
1037 1573 1071 1649 8,
1095 1570 1197 1652 27,3
1228 1570 1362 1655 iamque

197 1672 284 1735 1888
308 1694 374 1736 rem
390 1672 458 1735 fore
482 1674 517 1734 ut
532 1671 671 1735 Romani
687 1675 743 1735 aut
764 1671 872 1735 hostes
895 1676 951 1735 aut
965 1671 1086 1735 domini
1109 1671 1256 1736 habendi
1282 1674 1361 1738 sint.

196 1773 255 1849 33,
278 1775 333 1850 41,
365 1775 479 1837 98818
508 1794 558 1838 res
586 1794 652 1836 non
680 1773 714 1837 in
744 1795 781 1837 eo
805 1775 912 1837 essent
939 1777 974 1836 81
997 1774 1137 1856 Cyprum
1167 1778 1362 1858 temptaret

197 1871 327 1937 Wieder
349 1874 574 1941 abwaiehend:
597 1874 647 1952 35,
671 1875 777 1958 38,11
803 1876 914 1958 utqui
936 1896 1021 1958 spem
1043 1895 1174 1939 omnem
1197 1876 1236 1939 in
1262 1899 1303 1941 88
1328 1883 1366 1942 81

196 1973 370 2056 improviso
386 1977 613 2059 opprimerent,
638 1974 834 2043 habuissent.
863 1975 1165 2059 Unpersonlioh
1191 1977 1367 2044 vielleieht

196 2076 231 2138 in
254 2075 310 2139 der
326 2074 516 2162 Bedeutung
540 2076 784 2160 „bevorstehem
809 2079 853 2142 im
869 2076 995 2162 Begriff
1013 2076 1168 2150 stehen“:
1192 2080 1250 2154 28,
1269 2080 1325 2162 22,
1344 2082 1365 2146 8

196 2175 223 2238 81
247 2198 314 2241 rem
336 2178 524 2244 inclinatam
547 2179 692 2244 viderent
715 2182 812 2262 atque
833 2180 867 2242 in
892 2200 929 2242 eo
960 2180 1023 2243 iam
1047 2201 1117 2243 esse
1140 2184 1179 2244 81
1199 2182 1286 2246 urbs
1311 2205 1365 2247 ea·

197 2282 336 2360 peretur.
367 2283 454 2345 Aber
476 2282 557 2346 auoh
573 2280 644 2345 hier
666 2280 791 2344 konnte
807 2303 880 2344 man
897 2301 947 2346 res
962 2280 1009 2344 als
1025 2279 1157 2364 Subjeet
1179 2284 1363 2365 statumen,

196 2401 233 2443 so
256 2381 328 2446 dass
351 2382 417 2447 also
448 2380 649 2467 perstnliche
672 2381 900 2447 Construction
929 2382 1067 2466 vorlage.
1113 2381 1288 2448 Letzteres
1320 2387 1368 2449 ist

197 2481 301 2547 sicher
323 2483 379 2548 der
400 2483 472 2549 Fall
500 2485 552 2548 bei
575 2482 605 2548 N
616 2505 669 2566 ep.
694 2485 727 2565 l,
751 2485 784 2560 7,
806 2485 827 2549 3
849 2504 921 2548 eum
952 2484 1015 2547 iam
1038 2484 1074 2548 in
1097 2504 1134 2547 eo
1158 2488 1250 2549 esset
1275 2488 1365 2565 (soil.

197 2581 374 2667 Miltiades)
397 2590 433 2650 81
456 2585 575 2669 oppido
597 2584 763 2668 potiretur.
792 2584 884 2651 Eben
900 2607 936 2649 so
953 2584 1088 2669 Hygin
1109 2584 1175 2652 lab.
1192 2587 1260 2651 261
1286 2610 1365 2653 eum

196 2683 365 2769 Iphigenia
387 2688 421 2752 in
445 2709 482 2751 eo
506 2689 589 2751 88881
612 2689 646 2749 81
667 2687 895 2751 immolaretur.
933 2687 990 2749 Als
1013 2686 1266 2752 unzweifelhaft
1289 2712 1366 2754 un-

196 2788 452 2868 pers’onliohe
474 2787 569 2853 Form
600 2787 704 2852 kenne
727 2788 778 2853 ioh
808 2810 890 2862 nur:
924 2787 1062 2869 11182,
1090 2790 1145 2868 17,
1168 2789 1189 2853 6
1213 2812 1292 2856 oum
1319 2832 1365 2840 —

196 2887 259 2951 iam
281 2889 314 2953 in
339 2912 376 2954 eo
399 2896 482 2955 88881
504 2896 539 2955 81
560 2891 593 2953 18
617 2911 725 2953 muros
747 2889 897 2953 evaderet
917 2889 1024 2968 miles,
1052 2911 1140 2954 wozu
1165 2889 1363 2960 Weissenb.

196 2987 291 3054 leina
314 2990 566 3058 Parallelstellen
587 2989 686 3074 giebt.
1264 2981 1270 2990 ’

283 3095 317 3180 1)
341 3094 422 3160 Cum
443 3115 476 3182 88
497 3099 534 3158 ot
554 3079 673 3177 ,Qunter
695 3092 752 3156 der
768 3092 971 3178 Bedingmg,
996 3092 1091 3158 dass“
1115 3094 1158 3158 ist
1180 3095 1237 3159 ein
1256 3099 1363 3163 Grae-

197 3193 324 3277 eismus,
347 3194 433 3259 8881
455 3192 510 3259 ἐπὶ
532 3191 639 3281 τούτῳ
662 3195 821 3280 gebildet,
849 3193 915 3259 und
938 3195 1039 3259 findet
1065 3194 1134 3259 sich
1162 3203 1276 3263 zuerst
1308 3200 1362 3265 bei

197 3295 356 3360 Livius:
380 3297 409 3379 8,
434 3297 481 3375 14,
503 3297 524 3360 2
546 3297 719 3361 Lanuvinis
740 3297 853 3361 civitas
878 3297 952 3360 data
977 3335 1013 3343 -
1037 3318 1109 3361 eum
1132 3319 1171 3361 eo
1195 3304 1236 3362 81
1258 3302 1361 3366 aedes

196 3397 347 3482 lucusque
371 3396 517 3482 Sospitae
539 3398 673 3463 Iunonis
696 3398 872 3463 eommunis
888 3434 927 3445 -
945 3402 1036 3463 esset.
1071 3398 1156 3480 Ib.§
1177 3400 1197 3462 8
1222 3402 1361 3468 8818818

196 3500 292 3563 81888
315 3521 386 3564 eum
410 3522 447 3564 eo
470 3504 568 3564 ut-
590 3501 829 3584 permitteretur
852 3503 908 3564 811.
947 3502 1003 3579 36,
1026 3501 1063 3581 1),
1086 3501 1106 3564 3
1129 3500 1216 3583 apud
1240 3524 1360 3588 regem

194 3602 332 3683 gratiam
363 3601 477 3666 initam
507 3602 657 3667 volebant
686 3623 757 3665 cum
781 3623 818 3665 eo
846 3604 883 3664 ut
905 3607 1055 3666 caverent
1082 3602 1224 3685 nequid
1249 3605 1359 3670 offen-

196 3701 309 3766 derent
331 3701 502 3769 Romanos.
534 3704 571 3768 ln
595 3704 729 3768 andater
751 3702 959 3788 Bedeutung:
981 3704 1032 3785 30,
1059 3704 1106 3782 11),
1129 3703 1168 3767 21
1192 3706 1360 3788 gaudium

195 3803 360 3868 affulserat
387 3826 458 3868 eum
481 3827 518 3870 eo
541 3808 578 3869 81
604 3809 773 3889 appareret
801 3805 885 3868 haud
907 3804 1139 3888 proculexitio
1162 3804 1265 3899 luisse
1291 3808 1360 3874 Ro-

196 3926 325 3969 manam
348 3906 480 3970 classem
503 3908 515 3990 (
523 3908 607 3989 „mit
629 3910 701 3970 dem
725 3905 909 3984 Umstande‚
933 3906 1053 3989 dass“).

281 4006 377 4070 Dann
406 4030 468 4072 nur
500 4008 585 4073 noch
617 4008 668 4072 181
691 4008 849 4073 Celsus:
882 4009 918 4090 3,
940 4008 982 4072 22
1010 4030 1080 4073 eum
1109 4030 1147 4074 eo
1175 4012 1212 4072 ut
1241 4016 1360 4079 uetera

194 4129 318 4192 quoque
341 4109 451 4173 eodem
476 4110 567 4174 modo
589 4113 764 4174 serventur.
801 4112 831 4193 6,
854 4111 884 4174 2.
924 4110 1017 4174 Anah
1040 4110 1090 4173 ein
1114 4108 1292 4193 folgendes
1317 4138 1360 4182 ne

196 4210 283 4273 steht
306 4210 355 4274 bei
379 4211 560 4276 demselben
583 4211 647 4275 und
672 4211 722 4275 bei
746 4211 932 4277 Columella.

274 4311 304 4397 8)
320 4310 426 4376 Beror
438 4314 515 4377 uber
527 4312 795 4399 dieVerbindung
804 4314 889 4379 81881
900 4315 941 4379 ab
952 4334 985 4379 eo
997 4318 1033 4378 81
1042 4313 1245 4398 gesproohen
1257 4319 1357 4398 wird,

195 4412 267 4477 sind
279 4414 329 4477 die
341 4413 546 4477 verwandten
556 4413 699 4478 Phrasen
711 4414 795 4479 ohne
807 4414 868 4480 den
881 4415 996 4480 Zusatz
1009 4416 1094 4481 8188
1107 4436 1145 4479 au
1158 4416 1357 4486 81881888.
