2932 5056
558 320 793 384 -189-

91 474 166 537 299.
198 473 327 554 Plaut.
352 472 419 536 mil.
437 473 500 537 780
515 476 564 536 set
579 494 639 557 ego
662 473 708 536 ita
730 494 808 553 1111,
833 475 868 535 ut
890 473 980 551 dicis,
1004 476 1099 536 teneo
1122 471 1245 556 pulcre,

92 575 206 658 proin,
234 575 427 656 Palaestrio,
461 594 556 658 quam
589 577 710 657 potest,
741 577 806 637 tam
837 573 933 637 verba
963 573 1073 638 confer
1102 595 1246 638 maxume

92 676 134 739 ad
162 677 389 761 conpendium.
435 674 552 759 Amph.
584 675 644 740 159
672 676 784 739 cenavi
812 676 923 757 mod03
957 677 1051 760 proin
1085 680 1120 740 tu
1150 675 1244 740 istam

94 800 208 842 cenam
231 778 361 863 largire,
385 777 412 840 si
435 777 533 861 sapis,
557 777 779 844 esurientibus.
818 775 916 842 Stich.
934 777 996 841 669
1013 777 1084 841 volo
1101 776 1246 842 eluamus

93 879 192 944 hodie
214 881 386 966 peregrina
408 879 532 963 omuia3
555 879 648 963 proin
671 883 706 942 tu
728 878 835 943 lavare
859 900 1005 962 propera.
1044 878 1107 943 SA.
1125 879 1245 944 Lautus

94 1003 175 1045 sum.
220 986 303 1066 capt.
331 980 395 1045 289
424 982 559 1063 proinde
588 980 660 1043 aliis
690 984 725 1044 ut
756 980 864 1045 credat
886 981 956 1043 vide
983 980 1162 1065 (‚,damach
1193 983 1244 1046 be·

94 1082 251 1166 urtheile,
273 1084 334 1147 wie
362 1083 467 1166 wenig
499 1105 534 1147 er
556 1081 695 1145 anderen
723 1085 874 1163 trauet“).
919 1083 1058 1146 Accius
1080 1104 1130 1165 ap.
1159 1083 1243 1149 Non.

94 1207 127 1268 p.
150 1184 225 1267 227,
247 1186 299 1250 31.
344 1184 436 1249 Eheu
469 1206 504 1248 so
532 1184 583 1247 bei
610 1182 777 1248 Terenz:
811 1185 893 1248 And.
923 1185 954 1264 2,
982 1187 1012 1267 4,
1040 1185 1062 1247 5
1087 1185 1181 1268 proin
1209 1189 1245 1249 tu

98 1286 152 1350 fac
176 1286 261 1370 apud
283 1291 316 1351 te
337 1290 374 1350 ut
396 1285 467 1350 sies.
513 1284 589 1350 Und
611 1285 704 1350 61111.

183 1386 260 1452 Cic.
290 1387 366 1451 lam.
393 1388 442 1467 12,
466 1388 497 1468 6,
520 1388 541 1451 2
562 1387 697 1472 proinde
727 1387 778 1452 fac
806 1388 948 1452 animum
977 1392 1104 1452 tantum
1126 1387 1243 1454 habeas

96 1527 137 1537 —
160 1493 282 1573 quanto
304 1511 383 1574 opus
407 1493 466 1555 111.
510 1488 620 1554 (laea.
646 1491 676 1554 b.
699 1511 732 1573 g.
748 1491 778 1571 7,
800 1491 843 1553 50
864 1489 995 1573 frustra,
1018 1491 1132 1575 inquit,
1156 1513 1244 1556 meae

93 1591 183 1654 vitae
207 1592 376 1656 subvenire
399 1592 560 1656 conamini
584 1628 623 1638 —
646 1591 780 1675 proinde
803 1591 905 1673 abite,
928 1590 1004 1655 dum
1026 1596 1074 1656 est
1095 1593 1242 1658 facultas.

93 1692 207 1777 Virg.
242 1694 324 1757 Aen.
362 1696 409 1774 11,
443 1694 505 1758 383
539 1693 672 1777 proinde
705 1696 782 1757 tona
816 1693 952 1777 eloquio.
1002 1693 1078 1758 tir.
1106 1695 1135 1777 5,
1165 1696 1196 1777 9,
1224 1696 1244 1759 6

93 1794 231 1878 proinde
254 1834 293 1842 —
316 1795 462 1861 desinite.

182 1897 217 1981 b)
239 1895 302 1960 Mit
322 1896 505 1981 folgendem
523 1895 782 1981 Conjuuctiv:
807 1896 931 1962 Plaut.
956 1896 1041 1962 Men.
1058 1898 1118 1962 781
1135 1920 1243 1963 verum

94 1999 204 2062 vivere
232 1996 285 2061 hie
314 2019 378 2061 nou
407 2020 535 2082 possum
566 2020 669 2082 neque
703 2000 817 2063 durare
845 1999 911 2062 ullo
944 2000 1052 2082 mod03
1085 2000 1180 2083 proin
1208 2005 1243 2065 tu

94 2120 148 2162 me
169 2098 246 2163 hinc
268 2099 418 2164 abducas.
459 2100 520 2165 327
537 2101 631 2185 proin
646 2105 682 2165 tu
699 2122 739 2165 111
761 2100 837 2164 hinc
859 2100 956 2165 abeas
971 2101 1109 2186 longius.
1159 2107 1242 2187 capt.

95 2201 155 2284 prl.
177 2202 218 2265 61
242 2202 336 2285 proin
359 2202 385 2265 si
409 2203 482 2285 quis
511 2225 654 2287 pugnam
686 2206 844 2286 expectat,
868 2202 934 2266 litis
957 2202 1136 2268 contrahat.
1170 2204 1242 2269 851.

97 2307 153 2366 As.
176 2304 207 2385 3,
229 2304 260 2385 3,
283 2304 326 2367 54
348 2302 480 2386 proinde
509 2306 591 2368 istuc
620 2304 719 2372 facias
746 2304 824 2388 ipse.
868 2303 949 2368 Ter.
980 2305 1095 2371 Heaut.
1120 2309 1147 2387 1,
1170 2305 1198 2383 2,
1223 2307 1243 2370 3

95 2404 189 2488 proin
214 2442 254 2451 -
278 2406 395 2469 mittas.
443 2403 521 2469 Gic.
545 2405 633 2474 Verr.
656 2406 687 2487 5,
712 2407 750 2470 71
774 2405 908 2489 proinde
938 2406 965 2469 si
993 2407 1160 2489 quisunt,
1189 2409 1243 2492 qui

96 2544 138 2554 -
160 2508 207 2571 ita
229 2506 296 2571 aiut
316 2510 420 2591 parati
443 2512 479 2572 ut
501 2514 557 2572 ctt.
601 2507 646 2571 Iu,
668 2509 941 2573 concessivem
970 2507 1085 2572 Siune:
1120 2509 1188 2572 Att.
1212 2508 1242 2592 2,

96 2609 127 2691 9,
149 2608 319 2693 2proinde
341 2610 395 2674 isti
417 2611 494 2675 licet
509 2610 640 2692 faciant,
664 2630 745 2693 quos
767 2610 882 2689 volent,
907 2609 1062 2674 eonsules.
1081 2648 1116 2657 -
1136 2610 1241 2676 Caes.

97 2711 127 2774 b.
160 2731 192 2796 g.
223 2712 252 2790 7,
275 2711 316 2776 38
350 2712 483 2795 proinde
517 2713 544 2776 11
573 2711 649 2796 quid
681 2711 716 2774 in
744 2710 838 2774 nobis
868 2711 983 2793 animi,
1016 2733 1243 2796 persequamur

98 2833 207 2876 eorum
229 2817 375 2897 mortem.
419 2813 497 2881 Liv.
518 2817 546 2894 1,
569 2814 621 2896 39,
643 2813 663 2876 3
677 2835 726 2897 pr.
754 2850 789 2861 -
814 2813 1002 2878 nutriamus.
1041 2813 1128 2879 Seu.
1146 2813 1243 2898 Hipp.

100 2914 161 2977 261
184 2915 279 2997 proin
304 2953 338 2961 -
364 2937 533 2984 armemus.
577 2915 681 2980 Suet.
704 2914 770 2979 Jul.
794 2915 846 2979 66.

181 3016 220 3080 In
258 3015 480 3082 indirecter
516 3016 619 3081 Rede:
658 3017 705 3081 Pl.
741 3015 859 3100 Amph.
892 3018 935 3081 59
972 3018 1169 3102 respondent
1201 3055 1243 3066 -

97 3118 230 3201 proinde
258 3120 311 3181 vuti
341 3140 475 3204 propere
508 3119 547 3183 de
581 3118 699 3183 finibus
732 3120 798 3182 suis
833 3120 1008 3184 exercitum
1041 3120 1242 3184 deducerent.

98 3218 174 3285 Cic.
198 3217 290 3283 Verr.
312 3220 343 3302 2,
365 3220 407 3284 29
434 3243 482 3305 pr.
510 3221 537 3285 si
566 3225 708 3305 saperet,
742 3221 863 3284 videret
891 3222 967 3306 quid
995 3221 1058 3285 sibi
1086 3227 1170 3285 esset
1196 3221 1242 3284 fa·

99 3320 255 3388 ciendum.
300 3319 407 3390 Caes.
440 3323 468 3387 b.
500 3345 532 3408 g.
555 3322 586 3404 5,
615 3323 658 3387 34
678 3344 726 3405 pr.
762 3325 872 3388 omnia
903 3324 935 3386 in
970 3323 1105 3387 victoria
1138 3322 1243 3406 posita

99 3422 330 3486 existimarent.
369 3426 398 3505 7,
421 3425 463 3489 38
486 3446 534 3509 pr.
559 3424 769 3488 adorirentur.
808 3423 886 3488 Liv.
913 3427 942 3506 1,
965 3425 1242 3508 9111181111-

98 3528 216 3588 rentur.
254 3526 306 3607 21,
328 3526 372 3589 22
393 3548 441 3610 pr.
475 3529 670 3609 sequeretur.
715 3527 770 3608 21,
792 3526 835 3590 30
862 3549 909 3609 pr.
944 3530 999 3589 aut
1031 3524 1180 3589 cederent
1200 3560 1242 3571 —

99 3632 154 3690 aut
180 3631 320 3710 sperent
363 3628 414 3707 26,
438 3627 480 3690 22
509 3649 556 3710 pr.
585 3628 612 3690 11
647 3626 806 3691 videretur
839 3628 868 3691 11
892 3665 929 3674 —
954 3626 1088 3690 iuberet.
1127 3624 1178 3707 28,
1201 3626 1243 3690 32

98 3749 145 3810 pr.
169 3765 209 3775 -
225 3735 444 3813 sequerentur.
480 3728 567 3804 Tac.
590 3732 713 3811 euml,
736 3729 933 3813 6principes
956 3728 1119 3811 mortales,
1141 3749 1242 3811 remp.

99 3833 261 3902 aeternam
291 3853 369 3896 esse.
414 3833 508 3915 proin
541 3834 724 3914 repeterent
756 3831 936 3895 sollemnia.
980 3831 1009 3910 3,
1041 3832 1079 3894 17
1108 3830 1242 3913 proinde

99 3952 221 3996 venena
245 3971 283 3980 -
307 3936 447 3997 verteret
474 3933 508 3996 iu
531 3932 754 4017 Agrippinam.
794 3933 844 4016 12,
867 3933 909 3996 22
936 3934 1030 4016 proin
1056 3969 1091 4005 ,—
1116 3933 1243 3996 cederet

99 4032 203 4098 ltalia.
244 4035 293 4118 16,
315 4035 357 4098 26
378 4034 513 4118 proinde
538 4072 573 4080 —
598 4038 723 4118 peteret
749 4035 858 4098 finem.
903 4033 995 4098 Ebcn
1017 4056 1053 4099 1ο
1081 4034 1133 4098 bei
1157 4034 1241 4098 noch

97 4134 270 4220 Spatereu,
294 4138 354 4200 wie
376 4135 398 4200 J
405 4136 515 4199 ustin
542 4138 569 4214 1,
591 4135 622 4216 6,
648 4138 685 4198 11
708 4135 844 4220 proinde
867 4135 1101 4221 1111111111,
1127 4136 1177 4217 12,
1203 4136 1241 4199 16

98 4259 145 4321 pr.
169 4242 227 4302 aut
248 4238 442 4302 deditionem
466 4259 504 4302 ea
527 4237 577 4301 die
599 4238 710 4302 autin
733 4242 894 4322 posteram
917 4239 1015 4302 aciem
1037 4241 1141 4321 paret.

181 4341 213 4424 c)
238 4339 457 4403 Abweicheud
489 4339 540 4403 bei
575 4339 724 4403 Livius:
761 4341 792 4420 3,
823 4339 918 4421 48,3
950 4339 1084 4423 proinde
1116 4338 1241 4422 quiesse

95 4443 156 4507 erit
169 4441 285 4506 melius
300 4441 391 4529 (aber
413 4443 457 4505 im
473 4441 574 4506 Siuue
598 4442 685 4506 eines
707 4440 936 4525 Imperativus:
959 4442 1027 4505 also
1049 4440 1242 4523 schweige!)
