<?xml version="1.0" encoding="UTF-8"?>
<!DOCTYPE html PUBLIC "-//W3C//DTD XHTML 1.0 Transitional//EN"
    "http://www.w3.org/TR/xhtml1/DTD/xhtml1-transitional.dtd">
<html xmlns="http://www.w3.org/1999/xhtml" xml:lang="en" lang="en">
 <head>
  <title>
</title>
<meta http-equiv="Content-Type" content="text/html;charset=utf-8" />
  <meta name='ocr-system' content='tesseract 3.04.00' />
  <meta name='ocr-capabilities' content='ocr_page ocr_carea ocr_par ocr_line ocrx_word'/>
</head>
<body>
  <div class='ocr_page' id='page_1' title='image "./historischesynt02draegoog/historischesynt02draegoog_0474.png"; bbox 0 0 2904 5064; ppageno 0'>
   <div class='ocr_carea' id='block_1_1' title="bbox 725 283 954 348">
    <p class='ocr_par' dir='ltr' id='par_1_1' title="bbox 725 283 954 348">
     <span class='ocr_line' id='line_1_1' title="bbox 725 283 954 348; baseline 0 -17"><span class='ocrx_word' id='word_1_1' title='bbox 725 283 954 348; x_wconf 72' lang='lat'>..444-</span> 
     </span>
    </p>
   </div>
   <div class='ocr_carea' id='block_1_2' title="bbox 178 410 1433 4491">
    <p class='ocr_par' dir='ltr' id='par_1_2' title="bbox 178 410 1433 2436">
     <span class='ocr_line' id='line_1_2' title="bbox 263 410 1433 522; baseline 0 -22"><span class='ocrx_word' id='word_1_2' title='bbox 263 460 343 520; x_wconf 80' lang='lat' dir='ltr'><strong>mua,</strong></span> <span class='ocrx_word' id='word_1_3' title='bbox 367 439 600 522; x_wconf 87' lang='lat' dir='ltr'><strong>praecipueque</strong></span> <span class='ocrx_word' id='word_1_4' title='bbox 628 437 712 502; x_wconf 89' lang='lat' dir='ltr'><strong>hanc</strong></span> <span class='ocrx_word' id='word_1_5' title='bbox 741 438 851 501; x_wconf 87' lang='lat' dir='ltr'><strong>urbem</strong></span> <span class='ocrx_word' id='word_1_6' title='bbox 874 437 1007 501; x_wconf 86' lang='lat' dir='ltr'><strong>deorum</strong></span> <span class='ocrx_word' id='word_1_7' title='bbox 1032 467 1069 483; x_wconf 39' lang='grc' dir='ltr'><strong><em>Α</em></strong></span> <span class='ocrx_word' id='word_1_8' title='bbox 1094 441 1247 520; x_wconf 84' lang='lat' dir='ltr'><strong>potestate</strong></span> <span class='ocrx_word' id='word_1_9' title='bbox 1266 410 1433 500; x_wconf 49' lang='lat' dir='ltr'><strong>aluid*</strong></span> 
     </span>
     <span class='ocr_line' id='line_1_3' title="bbox 262 539 1331 624; baseline 0 -22"><span class='ocrx_word' id='word_1_10' title='bbox 262 539 379 603; x_wconf 81' lang='lat' dir='ltr'><strong>strari?</strong></span> <span class='ocrx_word' id='word_1_11' title='bbox 408 540 492 624; x_wconf 79' lang='lat' dir='ltr'><strong>legg.</strong></span> <span class='ocrx_word' id='word_1_12' title='bbox 515 542 544 617; x_wconf 84' lang='lat'><strong>3,</strong></span> <span class='ocrx_word' id='word_1_13' title='bbox 570 542 600 623; x_wconf 86' lang='grc'><strong>2,</strong></span> <span class='ocrx_word' id='word_1_14' title='bbox 622 541 643 605; x_wconf 90' lang='grc'>5</span> <span class='ocrx_word' id='word_1_15' title='bbox 665 542 794 623; x_wconf 88' lang='lat' dir='ltr'><strong>oportet</strong></span> <span class='ocrx_word' id='word_1_16' title='bbox 823 544 854 603; x_wconf 90' lang='lat' dir='ltr'><strong>et</strong></span> <span class='ocrx_word' id='word_1_17' title='bbox 878 561 948 603; x_wconf 90' lang='lat' dir='ltr'><strong>eum</strong></span> <span class='ocrx_word' id='word_1_18' title='bbox 971 539 1027 622; x_wconf 89' lang='lat' dir='ltr'><strong>qui</strong></span> <span class='ocrx_word' id='word_1_19' title='bbox 1049 542 1157 622; x_wconf 89' lang='lat' dir='ltr'><strong>paret,</strong></span> <span class='ocrx_word' id='word_1_20' title='bbox 1180 560 1331 622; x_wconf 86' lang='lat' dir='ltr'><strong>sperare-</strong></span> 
     </span>
     <span class='ocr_line' id='line_1_4' title="bbox 263 626 1433 726; baseline -0.002 -23"><span class='ocrx_word' id='word_1_21' title='bbox 263 640 352 704; x_wconf 90' lang='lat' dir='ltr'><strong>illum</strong></span> <span class='ocrx_word' id='word_1_22' title='bbox 383 643 437 725; x_wconf 90' lang='lat' dir='ltr'><strong>qui</strong></span> <span class='ocrx_word' id='word_1_23' title='bbox 470 643 621 725; x_wconf 88' lang='lat' dir='ltr'><strong>imperat,</strong></span> <span class='ocrx_word' id='word_1_24' title='bbox 653 641 796 725; x_wconf 84' lang='lat' dir='ltr'><strong>cogitare</strong></span> <span class='ocrx_word' id='word_1_25' title='bbox 825 644 881 705; x_wconf 88' lang='grc'><strong>011.</strong></span> <span class='ocrx_word' id='word_1_26' title='bbox 911 641 1003 726; x_wconf 83' lang='lat' dir='ltr'><strong>(„der</strong></span> <span class='ocrx_word' id='word_1_27' title='bbox 1031 638 1258 705; x_wconf 89' lang='lat' dir='ltr'><strong>Gehorchende</strong></span> <span class='ocrx_word' id='word_1_28' title='bbox 1280 678 1308 686; x_wconf 90' lang='lat'><em>-</em></span> <span class='ocrx_word' id='word_1_29' title='bbox 1329 626 1433 701; x_wconf 65' lang='lat' dir='ltr'><strong>iffi</strong></span> 
     </span>
     <span class='ocr_line' id='line_1_5' title="bbox 266 739 1433 824; baseline -0.001 -19"><span class='ocrx_word' id='word_1_30' title='bbox 266 740 509 824; x_wconf 88' lang='lat' dir='ltr'><strong>Befehlende“).</strong></span> <span class='ocrx_word' id='word_1_31' title='bbox 555 765 587 806; x_wconf 91' lang='grc'><strong>0.</strong></span> <span class='ocrx_word' id='word_1_32' title='bbox 610 743 638 807; x_wconf 91' lang='lat' dir='ltr'><strong>d.</strong></span> <span class='ocrx_word' id='word_1_33' title='bbox 661 743 689 820; x_wconf 82' lang='lat'><strong>2,</strong></span> <span class='ocrx_word' id='word_1_34' title='bbox 712 743 770 822; x_wconf 87' lang='grc'><strong>59,</strong></span> <span class='ocrx_word' id='word_1_35' title='bbox 804 742 863 806; x_wconf 90' lang='grc'><strong>148</strong></span> <span class='ocrx_word' id='word_1_36' title='bbox 886 743 1058 807; x_wconf 90' lang='lat' dir='ltr'><strong>innerhalb</strong></span> <span class='ocrx_word' id='word_1_37' title='bbox 1088 742 1176 806; x_wconf 88' lang='lat' dir='ltr'><strong>eines</strong></span> <span class='ocrx_word' id='word_1_38' title='bbox 1198 739 1433 805; x_wconf 56' lang='grc'><strong>1110010019</strong></span> 
     </span>
     <span class='ocr_line' id='line_1_6' title="bbox 263 842 1433 929; baseline -0.002 -21"><span class='ocrx_word' id='word_1_39' title='bbox 263 866 301 908; x_wconf 89' lang='grc'><strong>00</strong></span> <span class='ocrx_word' id='word_1_40' title='bbox 337 866 417 929; x_wconf 90' lang='lat' dir='ltr'><strong>quae</strong></span> <span class='ocrx_word' id='word_1_41' title='bbox 452 845 638 929; x_wconf 82' lang='lat' dir='ltr'>ignoramus</span> <span class='ocrx_word' id='word_1_42' title='bbox 671 843 752 926; x_wconf 85' lang='lat' dir='ltr'><strong>„das</strong></span> <span class='ocrx_word' id='word_1_43' title='bbox 781 842 1020 909; x_wconf 83' lang='lat' dir='ltr'><strong>Unbelrannte“</strong></span> <span class='ocrx_word' id='word_1_44' title='bbox 1049 882 1088 892; x_wconf 93' lang='lat'><em>-</em></span> <span class='ocrx_word' id='word_1_45' title='bbox 1120 866 1157 908; x_wconf 91' lang='lat' dir='ltr'><strong>ea</strong></span> <span class='ocrx_word' id='word_1_46' title='bbox 1187 865 1262 928; x_wconf 89' lang='lat' dir='ltr'><strong>quae</strong></span> <span class='ocrx_word' id='word_1_47' title='bbox 1287 844 1369 907; x_wconf 72' lang='lat' dir='ltr'><strong>seint</strong></span> <span class='ocrx_word' id='word_1_48' title='bbox 1389 856 1433 899; x_wconf 74' lang='lat' dir='ltr'>t</span> 
     </span>
     <span class='ocr_line' id='line_1_7' title="bbox 262 945 1433 1030; baseline -0.005 -20"><span class='ocrx_word' id='word_1_49' title='bbox 262 947 342 1025; x_wconf 82' lang='lat' dir='ltr'><strong>„das</strong></span> <span class='ocrx_word' id='word_1_50' title='bbox 362 945 561 1011; x_wconf 85' lang='lat' dir='ltr'><strong>Behannte“.</strong></span> <span class='ocrx_word' id='word_1_51' title='bbox 607 946 712 1014; x_wconf 78' lang='grc'><strong>(1000.</strong></span> <span class='ocrx_word' id='word_1_52' title='bbox 739 946 766 1014; x_wconf 92' lang='lat' dir='ltr'><strong>b.</strong></span> <span class='ocrx_word' id='word_1_53' title='bbox 784 967 814 1030; x_wconf 86' lang='lat' dir='ltr'><strong>g.</strong></span> <span class='ocrx_word' id='word_1_54' title='bbox 829 947 859 1025; x_wconf 87' lang='grc'><strong>5,</strong></span> <span class='ocrx_word' id='word_1_55' title='bbox 879 949 914 1010; x_wconf 93' lang='grc'><strong>11</strong></span> <span class='ocrx_word' id='word_1_56' title='bbox 939 947 1052 1012; x_wconf 82' lang='lat' dir='ltr'><strong>scribit</strong></span> <span class='ocrx_word' id='word_1_57' title='bbox 1075 951 1111 1010; x_wconf 91' lang='lat' dir='ltr'><strong>ut</strong></span> <span class='ocrx_word' id='word_1_58' title='bbox 1135 968 1230 1030; x_wconf 92' lang='lat' dir='ltr'><strong>quam</strong></span> <span class='ocrx_word' id='word_1_59' title='bbox 1251 945 1433 1029; x_wconf 69' lang='lat' dir='ltr'><strong>plurinaes</strong></span> 
     </span>
     <span class='ocr_line' id='line_1_8' title="bbox 268 1048 1433 1134; baseline -0.002 -22"><span class='ocrx_word' id='word_1_60' title='bbox 268 1053 376 1132; x_wconf 85' lang='lat' dir='ltr'><strong>posset</strong></span> <span class='ocrx_word' id='word_1_61' title='bbox 398 1050 437 1113; x_wconf 91' lang='lat' dir='ltr'><strong>iis</strong></span> <span class='ocrx_word' id='word_1_62' title='bbox 459 1049 657 1134; x_wconf 79' lang='lat' dir='ltr'>legionibus,</span> <span class='ocrx_word' id='word_1_63' title='bbox 686 1070 767 1132; x_wconf 89' lang='lat' dir='ltr'><strong>quae</strong></span> <span class='ocrx_word' id='word_1_64' title='bbox 794 1052 871 1112; x_wconf 90' lang='grc'><strong>0001</strong></span> <span class='ocrx_word' id='word_1_65' title='bbox 899 1049 982 1133; x_wconf 91' lang='lat' dir='ltr'><strong>apud</strong></span> <span class='ocrx_word' id='word_1_66' title='bbox 1010 1071 1093 1131; x_wconf 89' lang='lat' dir='ltr'><strong>eum,</strong></span> <span class='ocrx_word' id='word_1_67' title='bbox 1122 1070 1222 1111; x_wconf 86' lang='lat' dir='ltr'><strong>naves</strong></span> <span class='ocrx_word' id='word_1_68' title='bbox 1248 1048 1433 1112; x_wconf 76' lang='grc' dir='ltr'><strong>1001110οε</strong></span> 
     </span>
     <span class='ocr_line' id='line_1_9' title="bbox 265 1149 1342 1227; baseline -0.002 -13"><span class='ocrx_word' id='word_1_69' title='bbox 265 1149 358 1214; x_wconf 79' lang='lat' dir='ltr'><strong>Eben</strong></span> <span class='ocrx_word' id='word_1_70' title='bbox 386 1172 421 1215; x_wconf 91' lang='lat' dir='ltr'><strong>so</strong></span> <span class='ocrx_word' id='word_1_71' title='bbox 454 1151 512 1215; x_wconf 89' lang='lat' dir='ltr'><strong>mit</strong></span> <span class='ocrx_word' id='word_1_72' title='bbox 540 1150 763 1216; x_wconf 89' lang='lat' dir='ltr'><strong>historischem</strong></span> <span class='ocrx_word' id='word_1_73' title='bbox 788 1150 936 1215; x_wconf 75' lang='lat' dir='ltr'><strong>Prdsens:</strong></span> <span class='ocrx_word' id='word_1_74' title='bbox 971 1152 999 1227; x_wconf 77' lang='lat'><strong>7,</strong></span> <span class='ocrx_word' id='word_1_75' title='bbox 1030 1151 1070 1215; x_wconf 82' lang='grc'><strong>18</strong></span> <span class='ocrx_word' id='word_1_76' title='bbox 1098 1150 1295 1215; x_wconf 85' lang='lat' dir='ltr'><strong>constituunt</strong></span> <span class='ocrx_word' id='word_1_77' title='bbox 1316 1154 1342 1213; x_wconf 88' lang='lat' dir='ltr'><strong>ut</strong></span> 
     </span>
     <span class='ocr_line' id='line_1_10' title="bbox 263 1250 1343 1336; baseline 0 -20"><span class='ocrx_word' id='word_1_78' title='bbox 263 1253 317 1336; x_wconf 90' lang='lat' dir='ltr'><strong>qui</strong></span> <span class='ocrx_word' id='word_1_79' title='bbox 335 1291 370 1299; x_wconf 89' lang='lat'><em>-</em></span> <span class='ocrx_word' id='word_1_80' title='bbox 390 1252 519 1317; x_wconf 87' lang='lat' dir='ltr'><strong>inutiles</strong></span> <span class='ocrx_word' id='word_1_81' title='bbox 541 1256 617 1317; x_wconf 86' lang='lat' dir='ltr'><strong>sunt</strong></span> <span class='ocrx_word' id='word_1_82' title='bbox 640 1251 733 1332; x_wconf 91' lang='lat' dir='ltr'><strong>bello,</strong></span> <span class='ocrx_word' id='word_1_83' title='bbox 757 1252 876 1336; x_wconf 89' lang='lat' dir='ltr'><strong>oppido</strong></span> <span class='ocrx_word' id='word_1_84' title='bbox 899 1251 1064 1316; x_wconf 77' lang='lat' dir='ltr'>excedant.</span> <span class='ocrx_word' id='word_1_85' title='bbox 1103 1250 1196 1315; x_wconf 82' lang='lat' dir='ltr'><strong>Sall.</strong></span> <span class='ocrx_word' id='word_1_86' title='bbox 1220 1251 1291 1335; x_wconf 82' lang='lat' dir='ltr'><strong>lug.</strong></span> <span class='ocrx_word' id='word_1_87' title='bbox 1304 1251 1343 1328; x_wconf 87' lang='grc'><strong>54,</strong></span> 
     </span>
     <span class='ocr_line' id='line_1_11' title="bbox 269 1353 1433 1438; baseline -0.002 -21"><span class='ocrx_word' id='word_1_88' title='bbox 269 1353 431 1431; x_wconf 79' lang='lat' dir='ltr'><strong>hortatur,</strong></span> <span class='ocrx_word' id='word_1_89' title='bbox 456 1354 494 1417; x_wconf 84' lang='lat' dir='ltr'><strong>ad</strong></span> <span class='ocrx_word' id='word_1_90' title='bbox 520 1359 639 1435; x_wconf 87' lang='lat' dir='ltr'><strong>cetera,</strong></span> <span class='ocrx_word' id='word_1_91' title='bbox 663 1375 743 1438; x_wconf 90' lang='lat' dir='ltr'><strong>quae</strong></span> <span class='ocrx_word' id='word_1_92' title='bbox 765 1354 848 1418; x_wconf 86' lang='lat' dir='ltr'><strong>levia</strong></span> <span class='ocrx_word' id='word_1_93' title='bbox 871 1358 962 1436; x_wconf 86' lang='lat' dir='ltr'><strong>suut,</strong></span> <span class='ocrx_word' id='word_1_94' title='bbox 986 1375 1097 1438; x_wconf 77' lang='lat' dir='ltr'><strong>parem</strong></span> <span class='ocrx_word' id='word_1_95' title='bbox 1120 1355 1260 1418; x_wconf 89' lang='lat' dir='ltr'><strong>animum</strong></span> <span class='ocrx_word' id='word_1_96' title='bbox 1281 1373 1433 1437; x_wconf 75' lang='lat' dir='ltr'><strong>geram</strong></span> 
     </span>
     <span class='ocr_line' id='line_1_12' title="bbox 266 1453 1433 1541; baseline -0.003 -22"><span class='ocrx_word' id='word_1_97' title='bbox 266 1456 317 1531; x_wconf 88' lang='grc'><strong>63,</strong></span> <span class='ocrx_word' id='word_1_98' title='bbox 344 1458 356 1519; x_wconf 93' lang='grc'><strong>1</strong></span> <span class='ocrx_word' id='word_1_99' title='bbox 382 1456 530 1540; x_wconf 85' lang='lat' dir='ltr'><strong>proinde,</strong></span> <span class='ocrx_word' id='word_1_100' title='bbox 554 1477 636 1539; x_wconf 89' lang='lat' dir='ltr'><strong>quae</strong></span> <span class='ocrx_word' id='word_1_101' title='bbox 659 1456 766 1519; x_wconf 85' lang='lat' dir='ltr'><strong>auimo</strong></span> <span class='ocrx_word' id='word_1_102' title='bbox 789 1456 949 1540; x_wconf 81' lang='lat' dir='ltr'><strong>agitabat,</strong></span> <span class='ocrx_word' id='word_1_103' title='bbox 971 1454 1072 1520; x_wconf 86' lang='lat' dir='ltr'><strong>fretus</strong></span> <span class='ocrx_word' id='word_1_104' title='bbox 1091 1455 1143 1519; x_wconf 83' lang='lat' dir='ltr'><strong>dis</strong></span> <span class='ocrx_word' id='word_1_105' title='bbox 1167 1458 1284 1541; x_wconf 87' lang='lat' dir='ltr'><strong>ageret.</strong></span> <span class='ocrx_word' id='word_1_106' title='bbox 1321 1453 1353 1518; x_wconf 82' lang='lat' dir='ltr'><strong>hi</strong></span> <span class='ocrx_word' id='word_1_107' title='bbox 1376 1453 1433 1516; x_wconf 76' lang='lat' dir='ltr'>i</span> 
     </span>
     <span class='ocr_line' id='line_1_13' title="bbox 266 1557 1433 1642; baseline -0.001 -22"><span class='ocrx_word' id='word_1_108' title='bbox 266 1558 317 1639; x_wconf 84' lang='lat'><strong>21,</strong></span> <span class='ocrx_word' id='word_1_109' title='bbox 342 1559 371 1636; x_wconf 86' lang='lat'><strong>3,</strong></span> <span class='ocrx_word' id='word_1_110' title='bbox 395 1560 415 1622; x_wconf 86' lang='lat'><strong>3</strong></span> <span class='ocrx_word' id='word_1_111' title='bbox 438 1580 505 1623; x_wconf 90' lang='lat' dir='ltr'><strong>non</strong></span> <span class='ocrx_word' id='word_1_112' title='bbox 529 1578 643 1622; x_wconf 87' lang='lat' dir='ltr'><strong>censeo</strong></span> <span class='ocrx_word' id='word_1_113' title='bbox 666 1558 749 1641; x_wconf 91' lang='lat' dir='ltr'><strong>quod</strong></span> <span class='ocrx_word' id='word_1_114' title='bbox 774 1559 856 1642; x_wconf 90' lang='lat' dir='ltr'><strong>petit</strong></span> <span class='ocrx_word' id='word_1_115' title='bbox 878 1557 1093 1622; x_wconf 85' lang='lat' dir='ltr'><strong>tribuendum.</strong></span> <span class='ocrx_word' id='word_1_116' title='bbox 1131 1557 1184 1640; x_wconf 91' lang='grc'><strong>24,</strong></span> <span class='ocrx_word' id='word_1_117' title='bbox 1202 1558 1251 1642; x_wconf 88' lang='lat'><strong>33,</strong></span> <span class='ocrx_word' id='word_1_118' title='bbox 1267 1560 1285 1623; x_wconf 88' lang='grc'><strong>6</strong></span> <span class='ocrx_word' id='word_1_119' title='bbox 1303 1558 1324 1623; x_wconf 89' lang='lat' dir='ltr'><strong>si</strong></span> <span class='ocrx_word' id='word_1_120' title='bbox 1341 1580 1433 1621; x_wconf 59' lang='lat' dir='ltr'><strong>ere</strong></span> 
     </span>
     <span class='ocr_line' id='line_1_14' title="bbox 264 1659 1433 1745; baseline 0 -22"><span class='ocrx_word' id='word_1_121' title='bbox 264 1661 317 1743; x_wconf 89' lang='lat' dir='ltr'><strong>qui</strong></span> <span class='ocrx_word' id='word_1_122' title='bbox 347 1661 386 1723; x_wconf 90' lang='lat' dir='ltr'><strong>ad</strong></span> <span class='ocrx_word' id='word_1_123' title='bbox 414 1682 447 1724; x_wconf 88' lang='lat' dir='ltr'><strong>se</strong></span> <span class='ocrx_word' id='word_1_124' title='bbox 477 1661 704 1743; x_wconf 79' lang='lat' dir='ltr'><strong>perfugerant,</strong></span> <span class='ocrx_word' id='word_1_125' title='bbox 739 1663 828 1724; x_wconf 91' lang='lat' dir='ltr'><strong>tutus</strong></span> <span class='ocrx_word' id='word_1_126' title='bbox 856 1660 890 1724; x_wconf 91' lang='lat' dir='ltr'><strong>in</strong></span> <span class='ocrx_word' id='word_1_127' title='bbox 919 1660 1057 1744; x_wconf 89' lang='lat' dir='ltr'><strong>patriam</strong></span> <span class='ocrx_word' id='word_1_128' title='bbox 1080 1659 1204 1723; x_wconf 87' lang='lat' dir='ltr'><strong>reditus</strong></span> <span class='ocrx_word' id='word_1_129' title='bbox 1225 1664 1384 1745; x_wconf 81' lang='lat' dir='ltr'><strong>pateret-</strong></span> <span class='ocrx_word' id='word_1_130' title='bbox 1399 1701 1433 1705; x_wconf 82' lang='grc'>-</span> 
     </span>
     <span class='ocr_line' id='line_1_15' title="bbox 178 1760 1433 1846; baseline 0.006 -25"><span class='ocrx_word' id='word_1_131' title='bbox 178 1814 182 1821; x_wconf 83' lang='grc'><strong>.</strong></span> <span class='ocrx_word' id='word_1_132' title='bbox 263 1761 344 1825; x_wconf 87' lang='lat' dir='ltr'><strong>nihil</strong></span> <span class='ocrx_word' id='word_1_133' title='bbox 370 1762 467 1826; x_wconf 89' lang='lat' dir='ltr'><strong>armis</strong></span> <span class='ocrx_word' id='word_1_134' title='bbox 490 1784 569 1846; x_wconf 83' lang='lat' dir='ltr'><strong>opus</strong></span> <span class='ocrx_word' id='word_1_135' title='bbox 592 1784 672 1826; x_wconf 89' lang='lat' dir='ltr'><strong>esse.</strong></span> <span class='ocrx_word' id='word_1_136' title='bbox 711 1762 797 1825; x_wconf 76' lang='lat' dir='ltr'><strong>Aber-</strong></span> <span class='ocrx_word' id='word_1_137' title='bbox 820 1762 897 1825; x_wconf 88' lang='lat' dir='ltr'><strong>kurz</strong></span> <span class='ocrx_word' id='word_1_138' title='bbox 921 1761 1037 1825; x_wconf 88' lang='lat' dir='ltr'><strong>vorher</strong></span> <span class='ocrx_word' id='word_1_139' title='bbox 1059 1760 1147 1825; x_wconf 87' lang='lat' dir='ltr'><strong>steht</strong></span> <span class='ocrx_word' id='word_1_140' title='bbox 1169 1763 1203 1825; x_wconf 93' lang='lat' dir='ltr'><strong>in</strong></span> <span class='ocrx_word' id='word_1_141' title='bbox 1226 1766 1246 1842; x_wconf 68' lang='grc' dir='ltr'><strong>ξ</strong></span> <span class='ocrx_word' id='word_1_142' title='bbox 1267 1763 1286 1826; x_wconf 93' lang='grc'>5</span> <span class='ocrx_word' id='word_1_143' title='bbox 1305 1766 1433 1846; x_wconf 64' lang='lat' dir='ltr'><strong>reget</strong></span> 
     </span>
     <span class='ocr_line' id='line_1_16' title="bbox 264 1863 1424 1950; baseline -0.001 -23"><span class='ocrx_word' id='word_1_144' title='bbox 264 1863 369 1928; x_wconf 86' lang='lat' dir='ltr'><strong>recht:</strong></span> <span class='ocrx_word' id='word_1_145' title='bbox 403 1865 457 1948; x_wconf 90' lang='lat' dir='ltr'><strong>qui</strong></span> <span class='ocrx_word' id='word_1_146' title='bbox 490 1865 690 1948; x_wconf 78' lang='lat' dir='ltr'><strong>perfugerint</strong></span> <span class='ocrx_word' id='word_1_147' title='bbox 720 1864 758 1927; x_wconf 88' lang='lat' dir='ltr'><strong>ad</strong></span> <span class='ocrx_word' id='word_1_148' title='bbox 788 1885 831 1927; x_wconf 90' lang='lat' dir='ltr'><strong>se.</strong></span> <span class='ocrx_word' id='word_1_149' title='bbox 876 1864 939 1946; x_wconf 79' lang='lat'><strong>30,</strong></span> <span class='ocrx_word' id='word_1_150' title='bbox 967 1864 1002 1927; x_wconf 90' lang='grc'><strong>31</strong></span> <span class='ocrx_word' id='word_1_151' title='bbox 1035 1884 1246 1948; x_wconf 87' lang='lat' dir='ltr'><strong>quaecunque</strong></span> <span class='ocrx_word' id='word_1_152' title='bbox 1276 1865 1424 1950; x_wconf 68' lang='lat' dir='ltr'><strong>agium,</strong></span> 
     </span>
     <span class='ocr_line' id='line_1_17' title="bbox 265 1963 1410 2050; baseline -0.001 -22"><span class='ocrx_word' id='word_1_153' title='bbox 265 1965 315 2042; x_wconf 84' lang='lat'><strong>34,</strong></span> <span class='ocrx_word' id='word_1_154' title='bbox 332 1967 372 2030; x_wconf 88' lang='lat'><strong>31</strong></span> <span class='ocrx_word' id='word_1_155' title='bbox 389 1966 618 2050; x_wconf 87' lang='lat' dir='ltr'><strong>qualiscunque</strong></span> <span class='ocrx_word' id='word_1_156' title='bbox 634 1987 713 2029; x_wconf 87' lang='lat' dir='ltr'><strong>sum.</strong></span> <span class='ocrx_word' id='word_1_157' title='bbox 753 1964 857 2030; x_wconf 82' lang='lat' dir='ltr'><strong>Curt.</strong></span> <span class='ocrx_word' id='word_1_158' title='bbox 874 1966 904 2042; x_wconf 82' lang='lat'><strong>4,</strong></span> <span class='ocrx_word' id='word_1_159' title='bbox 922 1965 971 2044; x_wconf 90' lang='grc'><strong>11,</strong></span> <span class='ocrx_word' id='word_1_160' title='bbox 987 1963 1027 2027; x_wconf 91' lang='grc'><strong>21</strong></span> <span class='ocrx_word' id='word_1_161' title='bbox 1044 1965 1194 2029; x_wconf 86' lang='lat' dir='ltr'><strong>nuntiate</strong></span> <span class='ocrx_word' id='word_1_162' title='bbox 1209 1967 1276 2050; x_wconf 81' lang='lat' dir='ltr'><strong>regi</strong></span> <span class='ocrx_word' id='word_1_163' title='bbox 1290 1968 1410 2044; x_wconf 64' lang='lat' dir='ltr'><strong>veen,</strong></span> 
     </span>
     <span class='ocr_line' id='line_1_18' title="bbox 264 2065 1397 2151; baseline 0 -22"><span class='ocrx_word' id='word_1_164' title='bbox 264 2071 297 2129; x_wconf 90' lang='grc'><strong>01</strong></span> <span class='ocrx_word' id='word_1_165' title='bbox 319 2087 399 2150; x_wconf 87' lang='lat' dir='ltr'><strong>quae</strong></span> <span class='ocrx_word' id='word_1_166' title='bbox 422 2067 531 2130; x_wconf 90' lang='lat' dir='ltr'><strong>amisit</strong></span> <span class='ocrx_word' id='word_1_167' title='bbox 553 2072 585 2131; x_wconf 86' lang='lat' dir='ltr'><strong>et</strong></span> <span class='ocrx_word' id='word_1_168' title='bbox 606 2089 687 2151; x_wconf 84' lang='lat' dir='ltr'><strong>quae</strong></span> <span class='ocrx_word' id='word_1_169' title='bbox 709 2065 814 2131; x_wconf 88' lang='lat' dir='ltr'><strong>adhuc</strong></span> <span class='ocrx_word' id='word_1_170' title='bbox 830 2065 936 2150; x_wconf 87' lang='lat' dir='ltr'><strong>habet,</strong></span> <span class='ocrx_word' id='word_1_171' title='bbox 959 2067 1103 2149; x_wconf 89' lang='lat' dir='ltr'><strong>praemia</strong></span> <span class='ocrx_word' id='word_1_172' title='bbox 1118 2088 1187 2131; x_wconf 90' lang='lat' dir='ltr'><strong>essa</strong></span> <span class='ocrx_word' id='word_1_173' title='bbox 1202 2067 1286 2132; x_wconf 86' lang='lat' dir='ltr'><strong>belli.</strong></span> <span class='ocrx_word' id='word_1_174' title='bbox 1316 2065 1397 2129; x_wconf 74' lang='grc'><strong>’100</strong></span> 
     </span>
     <span class='ocr_line' id='line_1_19' title="bbox 268 2162 1391 2252; baseline -0.003 -22"><span class='ocrx_word' id='word_1_175' title='bbox 268 2190 346 2232; x_wconf 84' lang='grc'><strong>000.</strong></span> <span class='ocrx_word' id='word_1_176' title='bbox 374 2170 402 2249; x_wconf 88' lang='grc'><strong>1,</strong></span> <span class='ocrx_word' id='word_1_177' title='bbox 425 2169 468 2232; x_wconf 82' lang='grc'><strong>39</strong></span> <span class='ocrx_word' id='word_1_178' title='bbox 489 2190 570 2252; x_wconf 84' lang='lat' dir='ltr'><strong>quae</strong></span> <span class='ocrx_word' id='word_1_179' title='bbox 587 2162 626 2216; x_wconf 70' lang='lat'><strong>&#39;-</strong></span> <span class='ocrx_word' id='word_1_180' title='bbox 640 2189 789 2252; x_wconf 84' lang='lat' dir='ltr'><strong>expressa</strong></span> <span class='ocrx_word' id='word_1_181' title='bbox 811 2171 912 2233; x_wconf 89' lang='lat' dir='ltr'><strong>erant.</strong></span> <span class='ocrx_word' id='word_1_182' title='bbox 956 2170 988 2248; x_wconf 89' lang='grc'><strong>4,</strong></span> <span class='ocrx_word' id='word_1_183' title='bbox 1012 2168 1053 2232; x_wconf 90' lang='grc'><strong>56</strong></span> <span class='ocrx_word' id='word_1_184' title='bbox 1076 2169 1130 2252; x_wconf 93' lang='lat' dir='ltr'><strong>qui</strong></span> <span class='ocrx_word' id='word_1_185' title='bbox 1154 2168 1316 2233; x_wconf 83' lang='lat' dir='ltr'><strong>adstabant</strong></span> <span class='ocrx_word' id='word_1_186' title='bbox 1332 2166 1391 2250; x_wconf 84' lang='lat' dir='ltr'><strong>(die</strong></span> 
     </span>
     <span class='ocr_line' id='line_1_20' title="bbox 266 2266 1383 2355; baseline -0.003 -23"><span class='ocrx_word' id='word_1_187' title='bbox 266 2269 513 2352; x_wconf 79' lang='lat' dir='ltr'><strong>Anwesentlen).</strong></span> <span class='ocrx_word' id='word_1_188' title='bbox 553 2270 600 2348; x_wconf 92' lang='grc'><strong>11,</strong></span> <span class='ocrx_word' id='word_1_189' title='bbox 626 2272 666 2333; x_wconf 87' lang='grc'><strong>14</strong></span> <span class='ocrx_word' id='word_1_190' title='bbox 687 2292 769 2354; x_wconf 90' lang='lat' dir='ltr'><strong>quae</strong></span> <span class='ocrx_word' id='word_1_191' title='bbox 791 2274 989 2354; x_wconf 79' lang='lat' dir='ltr'><strong>acceperant.</strong></span> <span class='ocrx_word' id='word_1_192' title='bbox 1031 2269 1079 2350; x_wconf 89' lang='grc'><strong>14,</strong></span> <span class='ocrx_word' id='word_1_193' title='bbox 1102 2271 1153 2334; x_wconf 90' lang='grc'><strong>21.</strong></span> <span class='ocrx_word' id='word_1_194' title='bbox 1181 2272 1230 2355; x_wconf 88' lang='grc'><strong>15,</strong></span> <span class='ocrx_word' id='word_1_195' title='bbox 1251 2271 1279 2335; x_wconf 89' lang='grc'><strong>6.</strong></span> <span class='ocrx_word' id='word_1_196' title='bbox 1310 2266 1383 2333; x_wconf 79' lang='grc'><strong>11010</strong></span> 
     </span>
     <span class='ocr_line' id='line_1_21' title="bbox 267 2371 635 2436; baseline 0.003 -3"><span class='ocrx_word' id='word_1_197' title='bbox 267 2373 323 2436; x_wconf 85' lang='lat' dir='ltr'><strong>hat</strong></span> <span class='ocrx_word' id='word_1_198' title='bbox 345 2372 487 2436; x_wconf 86' lang='lat' dir='ltr'><strong>Plitzner</strong></span> <span class='ocrx_word' id='word_1_199' title='bbox 509 2371 540 2436; x_wconf 87' lang='lat' dir='ltr'><strong>S.</strong></span> <span class='ocrx_word' id='word_1_200' title='bbox 566 2372 635 2436; x_wconf 78' lang='grc'><strong>119,</strong></span> 
     </span>
    </p>

    <p class='ocr_par' dir='ltr' id='par_1_3' title="bbox 219 2469 1394 3881">
     <span class='ocr_line' id='line_1_22' title="bbox 219 2469 1373 2558; baseline -0.007 -19"><span class='ocrx_word' id='word_1_201' title='bbox 219 2533 221 2539; x_wconf 28' lang='lat' dir='ltr'><strong><em>s</em></strong></span> <span class='ocrx_word' id='word_1_202' title='bbox 348 2475 378 2538; x_wconf 88' lang='lat'><strong>3.</strong></span> <span class='ocrx_word' id='word_1_203' title='bbox 404 2472 596 2538; x_wconf 84' lang='lat' dir='ltr'><strong>Ausserdem</strong></span> <span class='ocrx_word' id='word_1_204' title='bbox 619 2474 709 2558; x_wconf 82' lang='lat' dir='ltr'><strong>giebt</strong></span> <span class='ocrx_word' id='word_1_205' title='bbox 731 2496 764 2538; x_wconf 90' lang='lat' dir='ltr'><strong>es</strong></span> <span class='ocrx_word' id='word_1_206' title='bbox 787 2475 859 2542; x_wconf 87' lang='lat' dir='ltr'><strong>eine</strong></span> <span class='ocrx_word' id='word_1_207' title='bbox 887 2471 1070 2537; x_wconf 89' lang='lat' dir='ltr'><strong>erhebliche</strong></span> <span class='ocrx_word' id='word_1_208' title='bbox 1093 2473 1222 2538; x_wconf 84' lang='lat' dir='ltr'><strong>Anaahl</strong></span> <span class='ocrx_word' id='word_1_209' title='bbox 1245 2469 1373 2538; x_wconf 80' lang='grc'><strong>0001101·</strong></span> 
     </span>
     <span class='ocr_line' id='line_1_23' title="bbox 264 2574 1371 2661; baseline -0.005 -22"><span class='ocrx_word' id='word_1_210' title='bbox 264 2575 327 2656; x_wconf 91' lang='grc'><strong>100,</strong></span> <span class='ocrx_word' id='word_1_211' title='bbox 350 2576 384 2639; x_wconf 89' lang='grc'><strong>10</strong></span> <span class='ocrx_word' id='word_1_212' title='bbox 408 2576 553 2641; x_wconf 86' lang='lat' dir='ltr'><strong>welchen</strong></span> <span class='ocrx_word' id='word_1_213' title='bbox 575 2575 626 2640; x_wconf 86' lang='lat' dir='ltr'><strong>die</strong></span> <span class='ocrx_word' id='word_1_214' title='bbox 643 2574 879 2661; x_wconf 83' lang='lat' dir='ltr'><strong>Beibehaltung</strong></span> <span class='ocrx_word' id='word_1_215' title='bbox 901 2574 956 2638; x_wconf 86' lang='lat' dir='ltr'><strong>des</strong></span> <span class='ocrx_word' id='word_1_216' title='bbox 978 2574 1211 2640; x_wconf 88' lang='lat' dir='ltr'><strong>Indi&#39;cativs</strong></span> <span class='ocrx_word' id='word_1_217' title='bbox 1234 2575 1287 2640; x_wconf 86' lang='lat' dir='ltr'><strong>der</strong></span> <span class='ocrx_word' id='word_1_218' title='bbox 1304 2574 1371 2637; x_wconf 86' lang='lat' dir='ltr'><strong>direc·</strong></span> 
     </span>
     <span class='ocr_line' id='line_1_24' title="bbox 263 2675 1372 2767; baseline -0.005 -27"><span class='ocrx_word' id='word_1_219' title='bbox 263 2680 320 2741; x_wconf 89' lang='grc'><strong>100</strong></span> <span class='ocrx_word' id='word_1_220' title='bbox 337 2676 424 2741; x_wconf 86' lang='lat' dir='ltr'><strong>Rede</strong></span> <span class='ocrx_word' id='word_1_221' title='bbox 446 2677 608 2742; x_wconf 87' lang='lat' dir='ltr'><strong>ent-weder</strong></span> <span class='ocrx_word' id='word_1_222' title='bbox 630 2676 897 2741; x_wconf 88' lang='lat' dir='ltr'><strong>handschrittlich</strong></span> <span class='ocrx_word' id='word_1_223' title='bbox 919 2675 1069 2741; x_wconf 89' lang='lat' dir='ltr'><strong>unsicher</strong></span> <span class='ocrx_word' id='word_1_224' title='bbox 1084 2677 1162 2767; x_wconf 87' lang='lat' dir='ltr'><strong>oder</strong></span> <span class='ocrx_word' id='word_1_225' title='bbox 1177 2699 1258 2762; x_wconf 82' lang='lat' dir='ltr'><strong>ganz</strong></span> <span class='ocrx_word' id='word_1_226' title='bbox 1273 2677 1372 2740; x_wconf 89' lang='lat' dir='ltr'><strong>abnorn</strong></span> 
     </span>
     <span class='ocr_line' id='line_1_25' title="bbox 264 2777 1373 2863; baseline -0.005 -22"><span class='ocrx_word' id='word_1_227' title='bbox 264 2778 315 2843; x_wconf 90' lang='grc'><strong>101.</strong></span> <span class='ocrx_word' id='word_1_228' title='bbox 349 2781 428 2843; x_wconf 83' lang='lat' dir='ltr'><strong>&#39;Aua</strong></span> <span class='ocrx_word' id='word_1_229' title='bbox 451 2778 560 2845; x_wconf 80' lang='lat' dir='ltr'><strong>Cicero</strong></span> <span class='ocrx_word' id='word_1_230' title='bbox 588 2781 653 2843; x_wconf 89' lang='lat' dir='ltr'><strong>und</strong></span> <span class='ocrx_word' id='word_1_231' title='bbox 676 2779 793 2845; x_wconf 83' lang='lat' dir='ltr'><strong>Caesar</strong></span> <span class='ocrx_word' id='word_1_232' title='bbox 820 2778 907 2842; x_wconf 81' lang='lat' dir='ltr'><strong>kann</strong></span> <span class='ocrx_word' id='word_1_233' title='bbox 936 2777 988 2842; x_wconf 93' lang='lat' dir='ltr'><strong>ich</strong></span> <span class='ocrx_word' id='word_1_234' title='bbox 1017 2778 1224 2863; x_wconf 86' lang='lat' dir='ltr'><strong>dergleichen</strong></span> <span class='ocrx_word' id='word_1_235' title='bbox 1246 2777 1373 2843; x_wconf 80' lang='grc'><strong>01010100·</strong></span> 
     </span>
     <span class='ocr_line' id='line_1_26' title="bbox 264 2871 1387 2964; baseline -0.008 -21"><span class='ocrx_word' id='word_1_236' title='bbox 264 2879 396 2959; x_wconf 82' lang='lat' dir='ltr'><strong>fithren,</strong></span> <span class='ocrx_word' id='word_1_237' title='bbox 420 2880 505 2945; x_wconf 86' lang='lat' dir='ltr'><strong>wohl</strong></span> <span class='ocrx_word' id='word_1_238' title='bbox 529 2881 604 2945; x_wconf 88' lang='lat' dir='ltr'><strong>aber</strong></span> <span class='ocrx_word' id='word_1_239' title='bbox 626 2881 727 2947; x_wconf 86' lang='lat' dir='ltr'><strong>sehon</strong></span> <span class='ocrx_word' id='word_1_240' title='bbox 751 2902 807 2945; x_wconf 88' lang='lat' dir='ltr'><strong>nus</strong></span> <span class='ocrx_word' id='word_1_241' title='bbox 831 2879 1082 2945; x_wconf 85' lang='lat' dir='ltr'><strong>vorklassischer</strong></span> <span class='ocrx_word' id='word_1_242' title='bbox 1103 2879 1190 2964; x_wconf 88' lang='lat' dir='ltr'><strong>Zeit,</strong></span> <span class='ocrx_word' id='word_1_243' title='bbox 1215 2880 1297 2945; x_wconf 89' lang='lat' dir='ltr'><strong>mehr</strong></span> <span class='ocrx_word' id='word_1_244' title='bbox 1314 2871 1387 2940; x_wconf 76' lang='lat' dir='ltr'><strong>noch¹</strong></span> 
     </span>
     <span class='ocr_line' id='line_1_27' title="bbox 264 2971 1373 3068; baseline -0.008 -22"><span class='ocrx_word' id='word_1_245' title='bbox 264 3004 321 3048; x_wconf 86' lang='lat' dir='ltr'><strong>aas</strong></span> <span class='ocrx_word' id='word_1_246' title='bbox 343 2982 451 3047; x_wconf 85' lang='lat' dir='ltr'><strong>Livius</strong></span> <span class='ocrx_word' id='word_1_247' title='bbox 480 2983 544 3047; x_wconf 93' lang='lat' dir='ltr'><strong>und</strong></span> <span class='ocrx_word' id='word_1_248' title='bbox 571 2982 739 3067; x_wconf 80' lang='lat' dir='ltr'><strong>Spiiteren.</strong></span> <span class='ocrx_word' id='word_1_249' title='bbox 786 2981 884 3048; x_wconf 81' lang='lat' dir='ltr'><strong>(lato</strong></span> <span class='ocrx_word' id='word_1_250' title='bbox 913 3004 937 3046; x_wconf 95' lang='lat' dir='ltr'><strong>r.</strong></span> <span class='ocrx_word' id='word_1_251' title='bbox 967 3004 991 3046; x_wconf 90' lang='lat' dir='ltr'><strong>r.</strong></span> <span class='ocrx_word' id='word_1_252' title='bbox 1021 2983 1063 3046; x_wconf 87' lang='grc'><strong>39</strong></span> <span class='ocrx_word' id='word_1_253' title='bbox 1091 2983 1250 3068; x_wconf 81' lang='lat' dir='ltr'><strong>cogitato,</strong></span> <span class='ocrx_word' id='word_1_254' title='bbox 1276 2980 1299 3045; x_wconf 85' lang='lat' dir='ltr'><strong>si</strong></span> <span class='ocrx_word' id='word_1_255' title='bbox 1316 2971 1373 3041; x_wconf 89' lang='lat' dir='ltr'><strong>nihil</strong></span> 
     </span>
     <span class='ocr_line' id='line_1_28' title="bbox 264 3073 1375 3170; baseline -0.005 -22"><span class='ocrx_word' id='word_1_256' title='bbox 264 3085 327 3163; x_wconf 86' lang='lat' dir='ltr'><strong>fiet,</strong></span> <span class='ocrx_word' id='word_1_257' title='bbox 351 3083 454 3149; x_wconf 87' lang='lat' dir='ltr'><strong>nihilo</strong></span> <span class='ocrx_word' id='word_1_258' title='bbox 470 3085 576 3150; x_wconf 89' lang='lat' dir='ltr'><strong>minus</strong></span> <span class='ocrx_word' id='word_1_259' title='bbox 592 3089 754 3170; x_wconf 89' lang='lat' dir='ltr'><strong>sumptum</strong></span> <span class='ocrx_word' id='word_1_260' title='bbox 770 3085 920 3156; x_wconf 84' lang='lat' dir='ltr'><strong>futurum.</strong></span> <span class='ocrx_word' id='word_1_261' title='bbox 959 3083 1016 3148; x_wconf 89' lang='lat' dir='ltr'><strong>Bei</strong></span> <span class='ocrx_word' id='word_1_262' title='bbox 1040 3083 1208 3149; x_wconf 87' lang='lat' dir='ltr'><strong>Plautus</strong></span> <span class='ocrx_word' id='word_1_263' title='bbox 1230 3080 1304 3148; x_wconf 87' lang='lat' dir='ltr'><strong>nach</strong></span> <span class='ocrx_word' id='word_1_264' title='bbox 1316 3073 1375 3161; x_wconf 78' lang='lat' dir='ltr'><strong>qood</strong></span> 
     </span>
     <span class='ocr_line' id='line_1_29' title="bbox 265 3173 1374 3272; baseline -0.005 -23"><span class='ocrx_word' id='word_1_265' title='bbox 265 3187 298 3251; x_wconf 91' lang='lat' dir='ltr'><strong>in</strong></span> <span class='ocrx_word' id='word_1_266' title='bbox 321 3186 376 3251; x_wconf 84' lang='lat' dir='ltr'><strong>der</strong></span> <span class='ocrx_word' id='word_1_267' title='bbox 400 3185 592 3272; x_wconf 84' lang='lat' dir='ltr'><strong>Bedeutung</strong></span> <span class='ocrx_word' id='word_1_268' title='bbox 615 3188 670 3270; x_wconf 89' lang='lat' dir='ltr'><strong>„in</strong></span> <span class='ocrx_word' id='word_1_269' title='bbox 696 3185 804 3271; x_wconf 82' lang='lat' dir='ltr'><strong>Bezug</strong></span> <span class='ocrx_word' id='word_1_270' title='bbox 826 3186 956 3264; x_wconf 86' lang='lat' dir='ltr'><strong>worauf,</strong></span> <span class='ocrx_word' id='word_1_271' title='bbox 981 3184 1144 3264; x_wconf 78' lang='lat' dir='ltr'><strong>weshalb“</strong></span> <span class='ocrx_word' id='word_1_272' title='bbox 1166 3185 1259 3270; x_wconf 82' lang='lat' dir='ltr'><strong>Epid.</strong></span> <span class='ocrx_word' id='word_1_273' title='bbox 1273 3185 1299 3265; x_wconf 89' lang='lat'><strong>3,</strong></span> <span class='ocrx_word' id='word_1_274' title='bbox 1310 3181 1334 3262; x_wconf 90' lang='grc'><strong>4,</strong></span> <span class='ocrx_word' id='word_1_275' title='bbox 1345 3173 1374 3239; x_wconf 77' lang='grc'><strong>20</strong></span> 
     </span>
     <span class='ocr_line' id='line_1_30' title="bbox 264 3276 1374 3373; baseline -0.002 -22"><span class='ocrx_word' id='word_1_276' title='bbox 264 3289 403 3352; x_wconf 85' lang='lat' dir='ltr'><strong>animum</strong></span> <span class='ocrx_word' id='word_1_277' title='bbox 425 3288 567 3371; x_wconf 84' lang='lat' dir='ltr'><strong>advorte,</strong></span> <span class='ocrx_word' id='word_1_278' title='bbox 591 3294 627 3354; x_wconf 92' lang='lat' dir='ltr'><strong>ut</strong></span> <span class='ocrx_word' id='word_1_279' title='bbox 648 3290 732 3372; x_wconf 90' lang='lat' dir='ltr'><strong>quod</strong></span> <span class='ocrx_word' id='word_1_280' title='bbox 755 3290 793 3353; x_wconf 92' lang='lat' dir='ltr'><strong>ad</strong></span> <span class='ocrx_word' id='word_1_281' title='bbox 816 3293 849 3353; x_wconf 89' lang='lat' dir='ltr'><strong>te</strong></span> <span class='ocrx_word' id='word_1_282' title='bbox 872 3289 976 3368; x_wconf 89' lang='lat' dir='ltr'><strong>venio,</strong></span> <span class='ocrx_word' id='word_1_283' title='bbox 1000 3287 1180 3373; x_wconf 81' lang='lat' dir='ltr'><strong>intellegas.</strong></span> <span class='ocrx_word' id='word_1_284' title='bbox 1225 3276 1374 3351; x_wconf 77' lang='grc'><strong>11000114</strong></span> 
     </span>
     <span class='ocr_line' id='line_1_31' title="bbox 264 3383 1394 3486; baseline -0.013 -32"><span class='ocrx_word' id='word_1_285' title='bbox 264 3391 342 3473; x_wconf 91' lang='lat' dir='ltr'><strong>quin</strong></span> <span class='ocrx_word' id='word_1_286' title='bbox 365 3393 400 3454; x_wconf 90' lang='lat' dir='ltr'><strong>tu</strong></span> <span class='ocrx_word' id='word_1_287' title='bbox 424 3391 566 3475; x_wconf 79' lang='lat' dir='ltr'><strong>expedis,</strong></span> <span class='ocrx_word' id='word_1_288' title='bbox 589 3392 663 3476; x_wconf 89' lang='lat' dir='ltr'><strong>qnid</strong></span> <span class='ocrx_word' id='word_1_289' title='bbox 681 3391 743 3455; x_wconf 86' lang='lat' dir='ltr'><strong>siet</strong></span> <span class='ocrx_word' id='word_1_290' title='bbox 758 3389 840 3475; x_wconf 92' lang='lat' dir='ltr'><strong>quod</strong></span> <span class='ocrx_word' id='word_1_291' title='bbox 857 3411 907 3453; x_wconf 89' lang='lat' dir='ltr'><strong>me</strong></span> <span class='ocrx_word' id='word_1_292' title='bbox 929 3389 1153 3472; x_wconf 87' lang='lat' dir='ltr'><strong>-quaerebas</strong></span> <span class='ocrx_word' id='word_1_293' title='bbox 1170 3387 1283 3454; x_wconf 87' lang='lat' dir='ltr'><strong>modo?</strong></span> <span class='ocrx_word' id='word_1_294' title='bbox 1300 3383 1394 3486; x_wconf 63' lang='lat' dir='ltr'><strong>Poen.⁴</strong></span> 
     </span>
     <span class='ocr_line' id='line_1_32' title="bbox 264 3481 1374 3577; baseline -0.005 -21"><span class='ocrx_word' id='word_1_295' title='bbox 264 3493 295 3574; x_wconf 83' lang='lat'><strong>5,</strong></span> <span class='ocrx_word' id='word_1_296' title='bbox 322 3495 350 3575; x_wconf 89' lang='lat'><strong>1,</strong></span> <span class='ocrx_word' id='word_1_297' title='bbox 377 3493 415 3557; x_wconf 90' lang='grc'><strong>18</strong></span> <span class='ocrx_word' id='word_1_298' title='bbox 444 3492 520 3558; x_wconf 87' lang='grc'><strong>(1000</strong></span> <span class='ocrx_word' id='word_1_299' title='bbox 549 3493 688 3577; x_wconf 89' lang='lat' dir='ltr'><strong>deasque</strong></span> <span class='ocrx_word' id='word_1_300' title='bbox 718 3513 854 3557; x_wconf 82' lang='lat' dir='ltr'><strong>veneror</strong></span> <span class='ocrx_word' id='word_1_301' title='bbox 883 3503 919 3538; x_wconf 85' lang='lat'><strong>-&#39;-</strong></span> <span class='ocrx_word' id='word_1_302' title='bbox 944 3494 980 3554; x_wconf 89' lang='grc'><strong>01</strong></span> <span class='ocrx_word' id='word_1_303' title='bbox 1009 3490 1092 3574; x_wconf 91' lang='lat' dir='ltr'><strong>quod</strong></span> <span class='ocrx_word' id='word_1_304' title='bbox 1121 3494 1160 3554; x_wconf 92' lang='lat' dir='ltr'><strong>de</strong></span> <span class='ocrx_word' id='word_1_305' title='bbox 1190 3512 1258 3554; x_wconf 90' lang='lat' dir='ltr'><strong>mea</strong></span> <span class='ocrx_word' id='word_1_306' title='bbox 1282 3508 1310 3551; x_wconf 94' lang='grc'><strong>00</strong></span> <span class='ocrx_word' id='word_1_307' title='bbox 1330 3481 1374 3544; x_wconf 71' lang='lat' dir='ltr'><strong>hut</strong></span> 
     </span>
     <span class='ocr_line' id='line_1_33' title="bbox 267 3580 1375 3677; baseline -0.014 -20"><span class='ocrx_word' id='word_1_308' title='bbox 267 3595 351 3677; x_wconf 83' lang='lat' dir='ltr'><strong>veni,</strong></span> <span class='ocrx_word' id='word_1_309' title='bbox 374 3595 435 3659; x_wconf 90' lang='lat' dir='ltr'><strong>rite</strong></span> <span class='ocrx_word' id='word_1_310' title='bbox 458 3595 609 3659; x_wconf 87' lang='lat' dir='ltr'><strong>venerim.</strong></span> <span class='ocrx_word' id='word_1_311' title='bbox 656 3593 815 3660; x_wconf 91' lang='lat' dir='ltr'><strong>Unsicher</strong></span> <span class='ocrx_word' id='word_1_312' title='bbox 837 3593 890 3658; x_wconf 91' lang='lat' dir='ltr'><strong>bei</strong></span> <span class='ocrx_word' id='word_1_313' title='bbox 912 3590 1003 3657; x_wconf 84' lang='lat' dir='ltr'><strong>Sall¹</strong></span> <span class='ocrx_word' id='word_1_314' title='bbox 1029 3591 1107 3677; x_wconf 75' lang='lat' dir='ltr'><strong>dug.</strong></span> <span class='ocrx_word' id='word_1_315' title='bbox 1131 3593 1184 3671; x_wconf 87' lang='lat'><strong>38,</strong></span> <span class='ocrx_word' id='word_1_316' title='bbox 1208 3593 1228 3657; x_wconf 87' lang='grc'>9</span> <span class='ocrx_word' id='word_1_317' title='bbox 1248 3580 1375 3673; x_wconf 76' lang='lat' dir='ltr'><strong>iugurtha</strong></span> 
     </span>
     <span class='ocr_line' id='line_1_34' title="bbox 266 3693 1375 3780; baseline -0.005 -21"><span class='ocrx_word' id='word_1_318' title='bbox 266 3696 425 3759; x_wconf 85' lang='lat' dir='ltr'><strong>—verba</strong></span> <span class='ocrx_word' id='word_1_319' title='bbox 453 3696 546 3761; x_wconf 85' lang='lat' dir='ltr'><strong>facit:</strong></span> <span class='ocrx_word' id='word_1_320' title='bbox 582 3698 711 3762; x_wconf 89' lang='lat' dir='ltr'><strong>tametsi</strong></span> <span class='ocrx_word' id='word_1_321' title='bbox 739 3697 843 3780; x_wconf 90' lang='lat' dir='ltr'><strong>ipsum</strong></span> <span class='ocrx_word' id='word_1_322' title='bbox 881 3716 952 3759; x_wconf 90' lang='lat' dir='ltr'><strong>eum</strong></span> <span class='ocrx_word' id='word_1_323' title='bbox 987 3695 1127 3759; x_wconf 85' lang='lat' dir='ltr'><strong>exercitu</strong></span> <span class='ocrx_word' id='word_1_324' title='bbox 1153 3694 1238 3758; x_wconf 86' lang='lat' dir='ltr'><strong>fame</strong></span> <span class='ocrx_word' id='word_1_325' title='bbox 1262 3693 1375 3764; x_wconf 75' lang='lat' dir='ltr'><strong>ferroqlle</strong></span> 
     </span>
     <span class='ocr_line' id='line_1_35' title="bbox 266 3795 1374 3881; baseline -0.008 -20"><span class='ocrx_word' id='word_1_326' title='bbox 266 3796 407 3861; x_wconf 88' lang='lat' dir='ltr'><strong>clausurn</strong></span> <span class='ocrx_word' id='word_1_327' title='bbox 430 3803 519 3880; x_wconf 80' lang='lat' dir='ltr'><strong>tenet,</strong></span> <span class='ocrx_word' id='word_1_328' title='bbox 542 3802 649 3863; x_wconf 88' lang='lat' dir='ltr'><strong>tamen</strong></span> <span class='ocrx_word' id='word_1_329' title='bbox 667 3834 705 3846; x_wconf 46' lang='grc' dir='ltr'><strong><em>ψ</em></strong></span> <span class='ocrx_word' id='word_1_330' title='bbox 722 3797 892 3862; x_wconf 89' lang='lat' dir='ltr'><strong>incolumis</strong></span> <span class='ocrx_word' id='word_1_331' title='bbox 908 3797 1013 3861; x_wconf 89' lang='lat' dir='ltr'><strong>omnis</strong></span> <span class='ocrx_word' id='word_1_332' title='bbox 1028 3796 1087 3860; x_wconf 90' lang='lat' dir='ltr'><strong>sub</strong></span> <span class='ocrx_word' id='word_1_333' title='bbox 1103 3796 1214 3881; x_wconf 81' lang='lat' dir='ltr'><strong>iugum</strong></span> <span class='ocrx_word' id='word_1_334' title='bbox 1230 3795 1374 3859; x_wconf 80' lang='lat' dir='ltr'><strong>missurum·</strong></span> 
     </span>
    </p>

    <p class='ocr_par' dir='ltr' id='par_1_4' title="bbox 265 3880 1378 4491">
     <span class='ocr_line' id='line_1_36' title="bbox 266 3880 1376 3982; baseline -0.007 -20"><span class='ocrx_word' id='word_1_335' title='bbox 266 3897 308 3962; x_wconf 87' lang='lat' dir='ltr'><strong>So</strong></span> <span class='ocrx_word' id='word_1_336' title='bbox 332 3919 415 3961; x_wconf 87' lang='lat' dir='ltr'><strong>zwar</strong></span> <span class='ocrx_word' id='word_1_337' title='bbox 444 3899 477 3962; x_wconf 90' lang='lat' dir='ltr'><strong>in</strong></span> <span class='ocrx_word' id='word_1_338' title='bbox 500 3899 560 3964; x_wconf 91' lang='lat' dir='ltr'><strong>den</strong></span> <span class='ocrx_word' id='word_1_339' title='bbox 591 3900 701 3965; x_wconf 87' lang='lat' dir='ltr'><strong>besten</strong></span> <span class='ocrx_word' id='word_1_340' title='bbox 725 3898 992 3982; x_wconf 88' lang='lat' dir='ltr'><strong>Handschriften,</strong></span> <span class='ocrx_word' id='word_1_341' title='bbox 1021 3898 1098 3962; x_wconf 87' lang='lat' dir='ltr'><strong>aber</strong></span> <span class='ocrx_word' id='word_1_342' title='bbox 1120 3897 1240 3962; x_wconf 87' lang='lat' dir='ltr'><strong>Jordan</strong></span> <span class='ocrx_word' id='word_1_343' title='bbox 1267 3880 1376 3959; x_wconf 76' lang='lat' dir='ltr'><strong>schreibt</strong></span> 
     </span>
     <span class='ocr_line' id='line_1_37' title="bbox 266 3986 1373 4091; baseline 0.003 -30"><span class='ocrx_word' id='word_1_344' title='bbox 266 3999 352 4064; x_wconf 87' lang='lat' dir='ltr'><strong>wohl</strong></span> <span class='ocrx_word' id='word_1_345' title='bbox 375 4000 435 4063; x_wconf 90' lang='lat' dir='ltr'><strong>mit</strong></span> <span class='ocrx_word' id='word_1_346' title='bbox 455 4001 559 4064; x_wconf 86' lang='lat' dir='ltr'><strong>Recht</strong></span> <span class='ocrx_word' id='word_1_347' title='bbox 581 4002 664 4066; x_wconf 90' lang='lat' dir='ltr'><strong>nach</strong></span> <span class='ocrx_word' id='word_1_348' title='bbox 687 4001 911 4086; x_wconf 87' lang='lat' dir='ltr'><strong>interpolirten</strong></span> <span class='ocrx_word' id='word_1_349' title='bbox 936 3998 1086 4065; x_wconf 84' lang='lat' dir='ltr'><strong>Codices:</strong></span> <span class='ocrx_word' id='word_1_350' title='bbox 1116 4005 1237 4064; x_wconf 81' lang='lat' dir='ltr'><strong>teneret</strong></span> <span class='ocrx_word' id='word_1_351' title='bbox 1258 4034 1294 4044; x_wconf 91' lang='lat'><em>-</em></span> <span class='ocrx_word' id='word_1_352' title='bbox 1312 3986 1373 4091; x_wconf 57' lang='lat' dir='ltr'><strong>hil·</strong></span> 
     </span>
     <span class='ocr_line' id='line_1_38' title="bbox 265 4083 1377 4185; baseline 0 -21"><span class='ocrx_word' id='word_1_353' title='bbox 265 4102 295 4182; x_wconf 91' lang='grc'><strong>2,</strong></span> <span class='ocrx_word' id='word_1_354' title='bbox 322 4104 369 4185; x_wconf 83' lang='grc'><strong>15,</strong></span> <span class='ocrx_word' id='word_1_355' title='bbox 392 4103 412 4166; x_wconf 90' lang='grc'><strong>3</strong></span> <span class='ocrx_word' id='word_1_356' title='bbox 441 4124 509 4166; x_wconf 85' lang='lat' dir='ltr'><strong>eam</strong></span> <span class='ocrx_word' id='word_1_357' title='bbox 540 4124 607 4166; x_wconf 86' lang='lat' dir='ltr'><strong>esse</strong></span> <span class='ocrx_word' id='word_1_358' title='bbox 630 4103 827 4168; x_wconf 85' lang='lat' dir='ltr'><strong>voluntatem</strong></span> <span class='ocrx_word' id='word_1_359' title='bbox 855 4103 1012 4180; x_wconf 91' lang='lat' dir='ltr'><strong>omnium,</strong></span> <span class='ocrx_word' id='word_1_360' title='bbox 1041 4105 1077 4165; x_wconf 91' lang='lat' dir='ltr'><strong>ut</strong></span> <span class='ocrx_word' id='word_1_361' title='bbox 1104 4101 1159 4184; x_wconf 91' lang='lat' dir='ltr'><strong>qui</strong></span> <span class='ocrx_word' id='word_1_362' title='bbox 1187 4093 1313 4166; x_wconf 75' lang='lat' dir='ltr'><strong>libertati</strong></span> <span class='ocrx_word' id='word_1_363' title='bbox 1331 4083 1377 4149; x_wconf 63' lang='lat' dir='ltr'><strong>ent</strong></span> 
     </span>
     <span class='ocr_line' id='line_1_39' title="bbox 269 4197 1376 4287; baseline -0.004 -23"><span class='ocrx_word' id='word_1_364' title='bbox 269 4203 303 4265; x_wconf 93' lang='lat' dir='ltr'><strong>in</strong></span> <span class='ocrx_word' id='word_1_365' title='bbox 327 4202 383 4265; x_wconf 92' lang='lat' dir='ltr'><strong>illa</strong></span> <span class='ocrx_word' id='word_1_366' title='bbox 405 4204 484 4267; x_wconf 90' lang='lat' dir='ltr'><strong>urbe</strong></span> <span class='ocrx_word' id='word_1_367' title='bbox 506 4205 589 4286; x_wconf 90' lang='lat' dir='ltr'><strong>finis,</strong></span> <span class='ocrx_word' id='word_1_368' title='bbox 611 4204 695 4269; x_wconf 91' lang='lat' dir='ltr'><strong>idem</strong></span> <span class='ocrx_word' id='word_1_369' title='bbox 712 4206 782 4269; x_wconf 87' lang='lat' dir='ltr'><strong>urbi</strong></span> <span class='ocrx_word' id='word_1_370' title='bbox 798 4205 849 4269; x_wconf 87' lang='grc'><strong>011.</strong></span> <span class='ocrx_word' id='word_1_371' title='bbox 887 4205 917 4286; x_wconf 86' lang='grc'><strong>2,</strong></span> <span class='ocrx_word' id='word_1_372' title='bbox 933 4204 985 4286; x_wconf 82' lang='grc'><strong>58,</strong></span> <span class='ocrx_word' id='word_1_373' title='bbox 1001 4204 1022 4267; x_wconf 88' lang='grc'><strong>5</strong></span> <span class='ocrx_word' id='word_1_374' title='bbox 1037 4203 1197 4287; x_wconf 88' lang='lat' dir='ltr'><strong>perlatam</strong></span> <span class='ocrx_word' id='word_1_375' title='bbox 1212 4222 1274 4267; x_wconf 88' lang='lat' dir='ltr'><strong>esse</strong></span> <span class='ocrx_word' id='word_1_376' title='bbox 1289 4197 1376 4275; x_wconf 72' lang='lat' dir='ltr'><strong>legem,</strong></span> 
     </span>
     <span class='ocr_line' id='line_1_40' title="bbox 266 4282 1376 4390; baseline 0.003 -20"><span class='ocrx_word' id='word_1_377' title='bbox 266 4325 359 4386; x_wconf 81' lang='lat' dir='ltr'><strong>quam</strong></span> <span class='ocrx_word' id='word_1_378' title='bbox 378 4307 553 4387; x_wconf 86' lang='lat' dir='ltr'><strong>-priores</strong></span> <span class='ocrx_word' id='word_1_379' title='bbox 576 4308 791 4390; x_wconf 88' lang='lat' dir='ltr'><strong>impedierunt</strong></span> <span class='ocrx_word' id='word_1_380' title='bbox 814 4305 959 4369; x_wconf 87' lang='lat' dir='ltr'><strong>consules</strong></span> <span class='ocrx_word' id='word_1_381' title='bbox 975 4303 1028 4387; x_wconf 87' lang='lat' dir='ltr'><strong>(al.</strong></span> <span class='ocrx_word' id='word_1_382' title='bbox 1045 4304 1270 4388; x_wconf 84' lang='lat' dir='ltr'><strong>impedierint).</strong></span> <span class='ocrx_word' id='word_1_383' title='bbox 1301 4295 1325 4373; x_wconf 84' lang='lat'><strong>5,</strong></span> <span class='ocrx_word' id='word_1_384' title='bbox 1337 4282 1376 4360; x_wconf 71' lang='lat'><strong>46’</strong></span> 
     </span>
     <span class='ocr_line' id='line_1_41' title="bbox 270 4386 1378 4491; baseline -0.005 -21"><span class='ocrx_word' id='word_1_385' title='bbox 270 4408 303 4470; x_wconf 94' lang='grc'><strong>11</strong></span> <span class='ocrx_word' id='word_1_386' title='bbox 330 4408 494 4490; x_wconf 88' lang='lat' dir='ltr'><strong>comperit.</strong></span> <span class='ocrx_word' id='word_1_387' title='bbox 539 4409 569 4491; x_wconf 76' lang='lat' dir='ltr'><strong>u,</strong></span> <span class='ocrx_word' id='word_1_388' title='bbox 593 4408 622 4488; x_wconf 83' lang='lat'><strong>5,</strong></span> <span class='ocrx_word' id='word_1_389' title='bbox 645 4410 667 4471; x_wconf 88' lang='lat'>4</span> <span class='ocrx_word' id='word_1_390' title='bbox 695 4411 734 4473; x_wconf 81' lang='lat' dir='ltr'><strong>ab</strong></span> <span class='ocrx_word' id='word_1_391' title='bbox 763 4407 826 4472; x_wconf 89' lang='lat' dir='ltr'><strong>illis</strong></span> <span class='ocrx_word' id='word_1_392' title='bbox 856 4406 941 4471; x_wconf 88' lang='lat' dir='ltr'><strong>enim</strong></span> <span class='ocrx_word' id='word_1_393' title='bbox 969 4409 1114 4488; x_wconf 89' lang='lat' dir='ltr'><strong>tanturn,</strong></span> <span class='ocrx_word' id='word_1_394' title='bbox 1146 4404 1247 4490; x_wconf 89' lang='lat' dir='ltr'><strong>quoad</strong></span> <span class='ocrx_word' id='word_1_395' title='bbox 1268 4386 1378 4464; x_wconf 73' lang='lat' dir='ltr'><strong>vireret</strong></span> 
     </span>
    </p>
   </div>
   <div class='ocr_carea' id='block_1_3' title="bbox 0 0 1457 5064">
    <p class='ocr_par' dir='ltr' id='par_1_5' title="bbox 0 0 1457 5064">
     <span class='ocr_line' id='line_1_42' title="bbox 0 0 1457 5064; baseline 0 0"><span class='ocrx_word' id='word_1_396' title='bbox 0 0 1457 5064; x_wconf 95' lang='lat' dir='ltr'><strong> </strong></span> 
     </span>
    </p>
   </div>
  </div>
 </body>
</html>
