3024 5070
710 309 941 373 -716-

257 461 285 525 si
307 461 475 526 scelestum
498 459 606 524 faxim.
630 459 759 529 Plant.
782 460 848 525 mil.
868 460 948 526 1429
969 461 1074 546 magis
1096 461 1128 525 id
1151 461 1249 546 dicas,
1272 464 1299 527 si
1324 464 1411 528 scias

258 563 341 647 quod
358 583 417 646 ego
432 561 507 626 scio.
535 562 616 626 1436
631 562 658 625 61
673 561 719 626 sic
734 561 805 625 aliis
821 561 962 651 moechis
977 562 1043 640 fiat,
1059 562 1164 627 minus
1179 563 1232 628 hic
1254 566 1410 630 moecho

258 685 330 727 rum
352 664 421 728 siet.
455 663 540 727 Meu.
556 664 620 728 640
641 683 692 727 616
714 663 833 747 rogas?
849 665 860 747 ΙΙ
876 663 945 743 Pol,
961 663 1041 728 baut
1054 686 1165 749 rogem
1186 669 1228 745 te,
1244 667 1271 729 si
1293 667 1410 753 sciam.

259 768 342 849 capt.
357 765 420 829 416
443 766 470 829 61
493 786 666 830 memorem
681 802 723 814 -
738 786 802 829 nox
817 765 902 829 diem
916 766 1038 829 adimat
1052 766 1130 849 (vgl.
1146 769 1249 830 unten
1264 766 1411 855 Cicero).
1492 846 1499 861 ο

259 864 352 931 Μ6111
374 888 430 931 666
453 865 585 932 Plautus
607 867 698 951 giebt
719 865 837 931 Holtze
851 865 894 943 ΙΙ,
917 866 949 932 S.
968 867 1143 948 139-143,
1168 867 1324 933 darunter
1344 871 1413 935 mit

260 968 350 1052 Oonj.
374 967 545 1033 dubitat.
574 969 618 1032 im
639 967 833 1052 Hauptsatz:
861 967 978 1033 Bacch.
1003 968 1044 1032 ’19
1065 969 1093 1033 si
1114 970 1198 1053 apud
1221 974 1252 1033 te
1272 973 1414 1055 veveniat

260 1069 408 1133 desubito
428 1069 598 1152 prandium
623 1109 660 1119 -
685 1069 740 1134 ubi
761 1090 823 1153 ego
846 1073 915 1132 tum
937 1070 1110 1135 accubem?
1146 1070 1245 1136 blare.
1261 1071 1326 1135 301
1351 1073 1412 1137 sed

260 1171 404 1235 ausimne
427 1192 487 1257 ego
510 1172 570 1236 tibi
585 1171 701 1257 eloqui,
717 1173 745 1237 si
767 1171 842 1256 quid
865 1170 983 1235 velim?
1013 1169 1076 1236 Mit
1090 1170 1181 1255 Conj.
1205 1172 1413 1240 iussivus:

260 1296 289 1337 v.
312 1272 375 1337 316
405 1273 433 1336 si
461 1275 582 1357 sapias,
611 1294 664 1337 eas
692 1294 730 1338 ac
757 1273 928 1338 decumbas
956 1272 1052 1341 domi.
1095 1273 1158 1338 Mit
1172 1317 1174 1323 η
1188 1274 1414 1360 potentialem

261 1373 355 1458 Gonj.
378 1373 478 1438 Peri.
502 1375 547 1439 im
569 1374 764 1459 Hauptsatz:
800 1373 896 1440 Poen.
920 1375 957 1456 4,
980 1375 1013 1452 2,
1036 1374 1078 1439 63
1104 1375 1132 1438 si
1154 1395 1227 1438 erus
1248 1397 1344 1440 meus
1369 1416 1414 1425 —

262 1477 351 1557 sciat,
375 1477 528 1541 contiuuo
551 1477 579 1541 is
601 1498 652 1540 me
674 1513 715 1525 —
738 1475 971 1560 Crurifragium
993 1475 1115 1541 fecerit.
1137 1498 1168 1540 v.
1194 1476 1255 1540 106
1279 1499 1415 1543 remora

262 1579 290 1642 si
312 1579 370 1660 sit,
400 1578 515 1643 merito
543 1579 667 1644 fecerit.
712 1577 804 1642 Truc.
827 1577 864 1659 4,
891 1581 923 1660 1,
947 1578 967 1641 9
996 1579 1111 1643 sinon
1138 1599 1285 1661 peream,
1313 1579 1417 1663 plane

264 1680 425 1763 perierim.
471 1679 551 1748 Ter.
576 1681 678 1744 Andr.
702 1681 766 1744 310
786 1683 822 1743 tu
845 1679 872 1744 si
894 1678 948 1743 bic
969 1678 1029 1758 sis,
1053 1679 1146 1743 aliter
1168 1680 1302 1743 sentias.
1349 1683 1418 1747 550

262 1802 366 1865 neque
388 1781 548 1866 postulem
570 1782 626 1847 abs
641 1785 683 1861 te,
700 1781 735 1845 ni
751 1780 822 1865 ipsa
837 1802 887 1845 res
901 1785 1043 1847 moneat.
1067 1780 1151 1845 Eun.
1167 1781 1207 1844 61
1224 1780 1251 1844 si
1267 1783 1418 1865 postules

265 1921 300 1932 -
317 1882 419 1948 nihilo
441 1884 513 1968 plus
536 1906 621 1969 agas.
662 1883 740 1948 Heu.
756 1883 819 1947 424
841 1882 1020 1968 aufugerim
1038 1883 1144 1966 potius
1160 1903 1254 1967 quam
1270 1883 1418 1964 redeam,

263 1986 291 2050 si
313 2006 350 2050 eo
372 1985 451 2049 mihi
474 1986 670 2051 redeundum
692 1986 800 2051 sciam.
836 1983 930 2050 Mabr
951 2006 976 2048 s.
993 1984 1044 2048 bei
1059 1983 1173 2068 Liebig
1188 1983 1218 2049 S.
1237 1986 1288 2051 15.
1319 1985 1417 2072 Oonj.

260 2087 439 2171 jussivus
462 2087 505 2150 im
522 2086 718 2172 Hauptsatz:
742 2087 855 2152 Heaut
871 2086 934 2151 319
956 2085 1061 2171 abeas,
1076 2085 1104 2149 si
1125 2086 1242 2169 sapias.
1272 2087 1338 2153 Ad.
1352 2088 1419 2154 934

264 2189 291 2253 si
313 2192 349 2253 tu
371 2189 416 2253 sis
437 2188 542 2270 bomo,
565 2188 619 2254 bic
640 2190 748 2256 faciat.

350 2291 386 2356 L.
410 2289 502 2355 Piso
525 2289 643 2374 Frugi
665 2312 713 2374 ap.
730 2290 812 2354 Gell.
832 2291 879 2368 11,
894 2288 943 2373 14,
958 2290 979 2353 2
995 2289 1022 2352 si
1037 2289 1119 2355 istuc
1134 2309 1245 2353 omnes
1262 2287 1417 2356 homines

265 2393 397 2476 faciant,
418 2392 529 2456 vinum
550 2392 645 2457 vilius
668 2391 720 2456 sit.

349 2494 459 2559 Luor.
488 2495 519 2578 3,
544 2494 607 2558 900
623 2486 662 2558 ‘si
690 2493 820 2559 rideant
840 2492 1089 2559 -dissolrant,
1136 2492 1219 2557 1069
1247 2495 1276 2557 si
1307 2494 1417 2560 videat

266 2633 303 2643 -
330 2598 465 2662 studeat
488 2599 519 2678 6,
543 2597 605 2661 653
628 2597 693 2660 666
716 2596 809 2661 oster.

326 2706 339 2731 ⁸
353 2698 410 2761 Bei
432 2697 570 2763 Cicero
598 2697 708 2782 biiufig
730 2698 795 2762 und
819 2698 853 2762 in
877 2699 970 2782 jeder
992 2698 1139 2780 Gattuug
1161 2696 1269 2760 seiner
1292 2695 1415 2762 Schrif-

266 2805 336 2866 ten:
361 2799 451 2865 Verr.
476 2800 510 2880 Ι,
536 2801 569 2881 1,
593 2800 635 2864 60
661 2799 689 2863 si
712 2799 806 2863 velim
829 2799 935 2864 dicere
957 2800 1080 2882 omnia,
1107 2797 1201 2862 multi
1224 2799 1415 2883 appellandi

266 2904 341 2967 sint.
387 2901 482 2967 Catil.
510 2904 541 2980 1,
565 2902 584 2965 8
615 2901 693 2966 haec
716 2901 743 2964 si
765 2904 872 2966 166616
894 2903 999 2986 patria
1022 2901 1185 2984 loquatur,
1214 2921 1326 2965 nonne
1356 2903 1415 2965 im·

267 3008 392 3088 petrare
415 3002 540 3081 debeat,
563 3004 659 3068 etiam
683 3002 711 3066 si
725 3003 791 3066 vim
814 3002 966 3069 adbibere
988 3023 1053 3067 non
1076 3001 1201 3084 possit?
1223 3024 1255 3086 p.
1273 3002 1357 3070 Sest.
1374 3004 1415 3067 46

268 3106 297 3171 si
319 3127 446 3190 negem,
470 3105 615 3169 mentiar.
647 3103 803 3169 Dassclbe
818 3104 903 3172 Irael.
920 3106 950 3186 3,
969 3105 1017 3168 10.
1040 3126 1071 3186 p.
1092 3101 1240 3168 Plancb
1263 3104 1291 3168 si
1306 3108 1414 3169 tecum

269 3207 494 3294 congrediatur
516 3210 549 3271 et
570 3205 598 3270 si
613 3228 678 3271 666
700 3207 789 3289 loqui
805 3227 882 3270 voce
897 3205 1008 3289 possit,
1024 3204 1103 3269 baec
1119 3204 1216 3269 dicat.
1238 3227 1270 3289 p.
1288 3203 1378 3271 0661.
1399 3208 1412 3268 1

268 3312 296 3374 si
318 3312 389 3395 quis
412 3310 494 3373 forte
517 3330 604 3373 nunc
626 3309 773 3374 adsit-
795 3309 928 3372 miretur
950 3307 1107 3391 profecto.
1129 3305 1326 3390 p.Marc.2
1352 3307 1416 3371 nisi

267 3412 372 3476 fatear
398 3449 437 3459 —
461 3431 572 3474 amens
594 3411 663 3479 sim.
686 3411 725 3474 66
747 3430 793 3472 or.
814 3412 842 3492 1,
858 3409 900 3475 25
922 3408 1083 3493 praeclare
1105 3428 1156 3472 res
1178 3429 1212 3472 16
1234 3408 1364 3485 babeat,
1388 3410 1416 3473 si

269 3513 402 3578 haec-
423 3512 615 3577 commoveri
638 3515 706 3576 arte
728 3510 862 3595 possint.
897 3510 989 3574 Brut.
1007 3509 1048 3574 83
1070 3508 1188 3573 imitari
1205 3510 1286 3592 (ess)
1310 3531 1417 3594 neque

269 3615 399 3699 possim,
423 3615 450 3678 si
475 3614 580 3698 velim,
602 3635 662 3679 nec
683 3613 779 3678 velim
801 3613 950 3690 fortasse,
973 3612 999 3675 si
1022 3610 1151 3694 possim.
1175 3610 1261 3675 acad.
1278 3610 1309 3695 2,
1325 3611 1369 3677 25
1389 3612 1416 3675 si

269 3715 347 3780 deus
369 3719 402 3780 te
424 3716 666 3801 interroget-
690 3714 766 3799 quid
790 3712 1005 3798 respondeas?
1026 3712 1081 3775 fin.
1106 3712 1178 3789 1‚5,
1198 3714 1247 3777 15.
1270 3713 1301 3793 5,
1317 3714 1351 3791 5,
1369 3715 1415 3777 l2.

269 3838 338 3901 par.
362 3819 392 3899 3,
415 3818 445 3900 2,
467 3817 517 3885 24.
541 3817 571 3900 6,
593 3816 624 3899 2,
647 3816 699 3881 48.
744 3815 873 3882 Tuscb
895 3815 994 3896 §102
1017 3814 1083 3878 dies
1106 3812 1244 3896 deficiat,
1267 3813 1295 3878 si
1319 3814 1416 3878 velim

271 3919 469 4003 paupertatis
484 3939 612 3983 causam
627 3918 807 3982 defendere.
843 3916 997 3981 Dasselbe
1012 3938 1043 3982 n.
1058 3914 1087 3979 6.
1103 3916 1124 3979 3
1141 3919 1161 3996 ξ
1177 3916 1229 3980 81.
1247 3915 1278 3995 2,
1294 3915 1349 3998 29,
1367 3918 1417 3984 14.

272 4019 406 4085 Verr.2
435 4019 530 4101 652.
563 4020 640 4084 fam.
667 4023 715 4102 11,
738 4020 790 4101 21,
813 4018 926 4085 36116
954 4018 1041 4081 enim
1072 4017 1256 4101 impudens,
1286 4018 1314 4082 si
1346 4017 1419 4103 plus

269 4122 440 4206 postulem.
465 4121 571 4186 Brut.
595 4124 633 4186 ad
656 4122 733 4187 fam.
758 4123 806 4199 11,
830 4121 860 4203 2,
887 4121 914 4183 1.

357 4223 464 4290 Caes.
488 4224 518 4288 b.
534 4245 561 4288 o.
577 4224 608 4307 2,
625 4225 677 4308 31,
692 4224 715 4287 4
729 4223 813 4308 quod
835 4224 864 4286 si
878 4221 942 4285 iam
957 4220 1038 4285 baec
1053 4218 1220 4303 explorata
1240 4220 1422 4287 habeamus

272 4364 312 4375 ·-
336 4329 456 4410 quanto
478 4325 641 4410 praestet?
685 4325 777 4390 Sall.
800 4324 877 4408 Jug.
901 4323 953 4404 31,
976 4323 1019 4386 29
1041 4321 1067 4386 si
1090 4320 1228 4386 iniuriae
1250 4345 1319 4389 non
1344 4327 1421 4409 sint,
1474 4323 1478 4329 ’

272 4426 357 4491 baud
380 4449 474 4512 saepe
496 4425 607 4491 anxilii
628 4447 731 4510 egeas.
761 4425 850 4509 42,5
872 4424 927 4509 (al.
944 4423 1093 4508 deseret.)
1116 4421 1252 4506 Nepos
1275 4427 1329 4511 25,
1346 4429 1422 4512 9,1.
