2932 5056
525 317 756 381 ..263-

57 467 199 533 Zeiten:
223 469 323 534 (lato
345 492 371 536 r.
387 493 411 534 r.
434 470 455 533 2
478 491 590 534 curare
612 473 647 532 ut
668 469 885 553 perficiantur.
916 472 937 535 5
959 492 1039 555 opus
1061 471 1215 536 rusticum

59 592 162 635 omne
190 574 280 635 curet
306 572 354 635 uti
383 571 465 637 sciat
493 571 606 636 facere.
646 572 686 635 73
715 592 840 735 semper
868 576 977 637 curato
1006 576 1042 636 22
1075 572 1214 638 valeant.

60 671 194 736 Plant.
219 673 341 756 Amph.
367 675 399 756 1,
422 674 457 756 2,
480 674 522 737 25
544 679 633 756 pater
656 673 821 736 curavitu
801 675 958 737 uttfiere
1004 673 1102 738 Poen
1125 674 1161 758 4,
1184 674 1215 755 2,

62 774 101 838 91
128 773 208 839 haec
230 774 502 839 ouraclanculum
525 777 563 838 ut
584 774 650 839 2222
671 774 825 839 dicta-
848 774 967 858 Haufig
990 775 1215 859 beiCicero,

62 875 263 941 namcntlich
298 876 332 940 in
362 876 418 941 der
449 875 658 960 mannigfach
695 877 846 940 veriirten
875 876 993 940 Phrase
1028 877 1083 940 des
1112 876 1215 941 Brief-

62 978 168 1042 stiles:
196 1000 276 1043 curo
302 983 339 1042 22
363 979 478 1044 coleos.
524 978 653 1042 Andere
681 977 802 1042 Stellen
830 1001 887 1042 aus
911 979 1022 1043 Cicero
1051 978 1146 1042 sind:
1176 979 1215 1043 de

63 1080 127 1144 div.
155 1083 182 1160 1,
198 1080 251 1162 24,
265 1079 308 1143 48
331 1101 365 1142 22
387 1085 568 1143 curaturam
592 1083 629 1143 22
651 1101 722 1144 eum
745 1102 871 1164 qnoque
893 1081 1030 1156 oculum,
1053 1101 1116 1164 quo
1134 1082 1214 1144 bene

62 1181 196 1263 videret,
219 1181 390 1249 amitteret.
421 1182 495 1245 fam.
520 1183 550 1258 9,
572 1181 660 1262 24,4
682 1182 729 1245 222
751 1182 809 1245 2222
833 1181 996 1265 persuade,
1021 1204 1070 1245 me
1093 1182 1160 1246 dies
1183 1192 1216 1245 22

63 1288 175 1348 noctes
198 1283 281 1347 nihil
304 1282 391 1346 aliud
413 1304 526 1367 agere,
554 1282 636 1346 nihil
659 1304 769 1348 curare
791 1284 854 1347 nisi
877 1287 913 1347 ut
940 1283 1003 1347 mei
1027 1283 1111 1347 cives
1133 1284 1213 1348 salvi

63 1384 266 1469 liberique
239 1387 316 1448 arnt.
340 1384 370 1465 8,
394 1384 425 1466 4,
447 1385 547 1451 5.At
532 1384 620 1462 222,
645 1387 673 1462 l,
696 1385 726 1452 2.
749 1386 780 1468 5,
802 1385 855 1468 21,
880 1385 929 1449 10.
954 1384 1030 1449 Sall.
1053 1385 1083 1452 J.
1108 1386 1158 1464 91,
1185 1388 1211 1450 1

62 1486 154 1550 Eben
178 1508 214 1551 so
237 1485 288 1550 222
311 1485 477 1569 Spdtereu.

154 1588 324 1652 Viderct
288 1593 360 1667 ιι2,
363 1588 430 1668 ,fiir
458 1591 557 1652 etwas
584 1592 719 1672 sorgen‘
723 1588 862 1652 ‘schon
893 1589 943 1652 bei
972 1588 1045 1654 (222
1031 1592 1120 1652 tor.
1143 1612 1168 1656 r.
1191 1591 1212 1655 5

63 1690 169 1753 villam
200 1689 306 1752 videat
334 1635 505 1754 2222222
470 1690 515 1753 222
543 1690 604 1754 2222
626 1695 659 1754 22
686 1690 731 1754 222
761 1694 816 1753 222.
862 1691 940 1754 922
962 1690 994 1754 id
1017 1691 1124 1756 videto
1152 1693 1208 1756 uti.

63 1790 153 1856 Eben
181 1812 217 1854 so
240 1791 297 1855 der
319 1790 468 1874 Imperat'
460 1813 509 1854 ιιι
542 1812 591 1875 cp.
615 1792 664 1859 60.
690 1792 740 1855 76.
764 1790 815 1859 84.
860 1791 942 1856 Ter.
966 1791 1044 1856 Heo.
1068 1795 1104 1874 5,
1131 1788 1180 1872 4,
1193 1797 1207 1857 l

63 1894 196 1957 ride-
220 1896 256 1957 ut
278 1892 322 1956 mi
349 1890 429 1956 haec
453 1895 540 1956 certa
561 1896 594 1956 22
622 1895 706 1956 clara
727 1893 881 1957 attuleris.
927 1893 1028 1957 Andr.
1051 1894 1088 1975 2,
1112 1896 1146 1977 6,
1169 1895 1211 1961 25

63 2016 121 2078 ego
144 1996 244 2059 istaec
272 1997 358 2057 recte
386 1997 422 2055 22
445 1994 543 2072 fiant,
569 1994 688 2058 videro.
732 1996 822 2079 (Ans
845 1993 978 2058 Plautus
1002 1996 1128 2060 werden
1150 2019 1212 2061 nur

63 2095 183 2160 Stellen
210 2096 270 2159 mit
297 2116 336 2160 ne
366 2095 476 2175 citirt.)
523 2095 599 2160 Oic.
624 2118 655 2179 p.
680 2095 869 2178 Quinctii,
892 2096 935 2160 20
963 2099 999 2160 22
1026 2097 1148 2162 videret
1176 2104 1211 2163 ut

61 2220 156 2282 qoam
178 2198 320 2282 primum
342 2233 383 2245 -
404 2200 474 2260 toto
496 2219 546 2262 res
568 2196 809 2282 transigeretur.
837 2198 1028 2278 fam.16,l,
1052 2201 1072 2261 2
1095 2222 1210 2265 navem

61 2301 208 2364 idoneam
242 2303 279 2362 ut
307 2297 441 2376 habeas,
478 2299 650 2382 diligenter
678 2298 810 2363 videbis.
857 2301 911 2378 16,
934 2300 996 2381 26,
1022 2302 1037 2363 1
1074 2301 1145 2365 vide
1176 2308 1211 2367 22

62 2402 195 2484 probare
224 2400 326 2484 possit
351 2405 384 2464 te
406 2423 472 2464 non
496 2422 652 2484 peccasse.
697 2402 767 2464 Att.
794 2402 846 2478 12,
874 2402 911 2465 15
933 2405 969 2465 22
991 2423 1139 2482 excuser,
1162 2405 1209 2468 vi·

62 2503 156 2568 debis.
203 2501 287 2566 Dass
309 2524 366 2566 aus
388 2507 530 2586 spaterer
552 2501 622 2565 Zcit
644 2501 751 2566 nichts
775 2502 863 2566 citirt
886 2502 980 2579 wird,
1007 2524 1083 2588 mag
1105 2503 1209 2569 Zulall

63 2605 135 2670 sein.
158 2604 314 2689 Hiiufiger
328 2603 399 2667 sind
413 2604 464 2668 die
475 2602 598 2669 Stellen
610 2604 670 2667 mit
680 2625 728 2668 ne.
757 2604 795 2668 ln
808 2603 991 2668 demselben
1004 2604 1104 2671 Sinna
1122 2606 1210 2672 steht

144 2705 318 2771 Providere
338 2710 374 2770 ut
395 2705 455 2770 seit
478 2705 632 2770 Cicero:
656 2704 751 2770 02222.
774 2707 810 2787 2,
838 2706 875 2768 12
897 2705 992 2788 mihi,
1015 2711 1051 2770 ut
1073 2707 1144 2771 urbi
1168 2748 1209 2756 -

64 2810 136 2874 satis
158 2812 246 2872 22222
272 2807 439 2890 praesidii,
467 2807 648 2871 consultum
676 2810 771 2890 atque
799 2808 960 2889 provisum
985 2812 1042 2871 est.
1080 2809 1155 2874 fam.
1182 2813 1208 2887 1,

61 2911 97 2992 2,
120 2912 142 2973 4
169 2912 206 2973 22
240 2930 335 2992 quam
363 2908 538 2973 rectissime
566 2912 681 2992 agatur
702 2946 745 2956 —
766 2909 951 2991 providebo,
996 2909 1063 2974 niv.
1086 2911 1143 2993 44,
1166 2912 1209 2975 24

58 3012 227 3092 providere
242 3010 372 3074 iubebat
387 3014 422 3072 ut
436 3047 477 3056 —
493 3010 699 3094 compelleret
713 3008 886 3074 Romanos.
918 3011 969 3090 44,
986 3011 1027 3076 33
1050 3014 1086 3075 ut
1100 3014 1208 3077 omnia

54 3111 90 3178 in
124 3114 255 3198 agmine
292 3112 330 3175 ad
364 3115 478 3175 nutum
511 3113 742 3196 imperiumque
775 3111 864 3176 ducis
894 3113 1024 3196 fierent,
1056 3115 1205 3196 providit.

54 3210 242 3298 Uebrigens
264 3213 316 3296 ist,
338 3213 398 3278 wie
416 3213 467 3278 bei
481 3215 595 3295 cidere,
620 3213 670 3277 die
683 3212 895 3299 Verbindung
911 3215 970 3278 mit
990 3235 1029 3280 nc
1052 3214 1206 3300 htuliger.

52 3315 138 3382 cem
162 3315 343 3398 entspricht

142 3417 328 3501 Prospiocrc
349 3421 398 3498 ut,
421 3416 577 3482 ebenfalls
600 3421 665 3482 erst
687 3418 748 3481 2222
771 3417 926 3482 Cicero:
949 3416 1041 3481 Verr.
1058 3416 1100 3495 ΙΙ,
1121 3421 1149 3499 1,
1164 3421 1206 3484 58

52 3520 223 3587 consulere
254 3519 318 3582 vivi
345 3541 382 3583 22
410 3520 592 3602 prospicere
614 3519 765 3583 debemus
788 3522 824 3582 22
851 3519 978 3582 illorum
1007 3519 1146 3584 solitudo
1170 3544 1206 3587 ac

54 3623 196 3706 pueritia
223 3643 320 3704 quam
350 3620 532 3685 firmissimo
562 3621 720 3704 praesidio
749 3620 875 3684 munite
903 3621 955 3684 sit.
993 3620 1092 3684 Sonst
1116 3622 1207 3687 nicht

55 3724 213 3804 bekannt,
235 3721 318 3786 doch
340 3722 423 3787 auch
444 3723 504 3787 mit
524 3744 580 3806 nc,
603 3745 630 3785 a.
654 3720 690 3785 B.
715 3720 766 3785 bei
789 3721 915 3786 Caesar.

143 3824 311 3890 Comum
331 3823 393 3888 mit
413 3829 449 3889 22
468 3825 512 3888 222
534 3824 651 3888 bereits
666 3824 748 3887 oben
770 3823 804 3887 in
820 3822 1032 3909 Verbindung
1054 3826 1115 3890 mit
1131 3849 1206 3911 pro·

56 3929 161 3993 adare
183 3926 248 3988 und
270 3928 449 4008 prospicere
477 3948 533 3989 aus
556 3925 695 3990 Cicero
719 3925 815 3988 citirt.
860 3924 960 3989 Sonat
982 3926 1060 3990 wird
1082 3950 1116 3992 es
1144 3951 1205 3992 nur

56 4028 141 4094 noch
163 4027 225 4091 mit
245 4048 285 4092 22
306 4026 488 4112 angefiihrt.

142 4131 260 4196 Ouocre
280 4128 383 4211 kann,
411 4151 503 4194 wenn
526 4152 560 4193 es
582 4128 759 4212 positive
783 4126 972 4214 Bedeutung
994 4130 1051 4194 hat
1077 4130 1204 4215 („sor-

57 4235 196 4318 gen“),
219 4232 280 4295 mit
293 4237 329 4296 22
343 4232 528 4296 verbunden
543 4231 685 4296 werden:
709 4253 745 4295 so
772 4233 887 4296 bereits
903 4231 954 4295 bei
970 4229 1095 4296 Plaut.
1118 4243 1202 4316 capt.

57 4335 118 4399 222
148 4337 272 4398 cautost
298 4355 377 4416 opus
406 4336 442 4397 ut
468 4333 532 4397 hoc
559 4333 664 4398 sobrie
693 4371 734 4380 -
756 4337 881 4418 agatur.
926 4332 1003 4398 (222.
1027 4333 1079 4397 off.
1106 4328 1205 4411 1,39

58 4437 187 4501 tertium
215 4437 264 4499 222
290 4437 327 4498 22
352 4455 518 4499 caveamus
548 4439 583 4498 ut
605 4457 642 4499 ea
664 4473 703 4482 —
728 4436 893 4499 moderata
915 4435 991 4505 sint.
1028 4435 1081 4500 fin.
1104 4435 1139 4514 2,
1162 4437 1202 4500 31
