2864 5056
492 365 533 378 —-
576 327 643 394 573·
684 366 723 377 -

31 508 94 552 ron
125 485 184 550 der
207 484 438 568 jedesmaligen
470 483 669 568 Auffassung
697 484 752 547 des
775 482 1021 548 Schriftstellers
1044 481 1176 567 abhing‚

33 586 80 651 die
104 588 179 651 eine
195 587 271 650 oder
286 585 336 649 die
351 586 467 649 andere
485 583 681 648 Modusiorm
697 607 735 647 zu
752 585 889 667 wablen,
913 586 1024 669 aeigen
1041 584 1177 648 manche

33 688 246 774 gleichartige
269 686 390 752 Stellen
414 688 464 750 bei
488 685 605 750 Hoffm.
629 686 660 750 S.
688 687 861 751 116-126,

120 795 148 853 l.
171 789 233 853 Die
257 789 520 853 wiederholte
544 786 758 871 Handlung
780 789 823 851 im
846 787 1050 872 Coujunctiv.

118 902 153 974 a)
177 891 227 954 Im
250 889 350 955 Sinna
378 890 465 953 eines
494 889 705 972 Particips
735 890 802 952 der
830 890 1072 973 Gegenwart
1093 891 1122 954 d.
1147 890 1178 954 h.
1242 967 1244 969 ‚

29 994 101 1058 der
131 992 501 1076 Gleichaeitigkeit
530 990 616 1054 steht
642 1012 712 1054 mam
740 991 800 1053 mit
822 992 894 1056 dem
917 991 1110 1073 Conjunctiv
1132 992 1179 1055 als

25 1094 231 1159 Inhaltssata
253 1116 291 1157 au
314 1093 385 1158 dem
408 1095 451 1156 im
473 1092 670 1176 Hauptsatze
693 1092 868 1156 stehendeu
894 1092 1034 1156 Verbum
1057 1095 1178 1176 audire,

27 1197 173 1261 seltener
195 1197 307 1260 videre.
345 1194 421 1258 Fast
443 1196 556 1257 immer
577 1193 657 1277 geht
677 1214 769 1277 saepe
784 1195 902 1262 rorauf.
940 1193 1059 1279 Bel‘age
1074 1195 1179 1258 kenne

28 1300 85 1363 ich
117 1298 235 1382 jedoch
264 1317 324 1360 nur
352 1318 410 1359 aus
440 1296 594 1360 Cicero:
633 1294 723 1363 Verr.
748 1298 779 1380 3,
805 1300 820 1359 1
852 1297 960 1380 itaque
987 1297 1049 1361 hoc
1077 1319 1117 1361 cx
1144 1295 1178 1359 L.

33 1399 154 1466 Crasso
178 1420 273 1481 saepe
294 1397 439 1462 auditum
461 1402 529 1480 est,
553 1419 626 1461 cum
650 1435 686 1444 -
711 1399 840 1463 diceret.
869 1424 904 1486 p.
927 1400 1022 1463 domo
1044 1400 1086 1464 35
1108 1401 1179 1482 quis

33 1522 179 1583 unquam
209 1501 345 1582 audivit,
373 1521 445 1564 cum
475 1521 535 1583 ego
563 1500 602 1562 de
630 1521 680 1563 me
703 1500 767 1564 nisi
788 1509 918 1565 coactus
941 1523 978 1565 ac
1000 1501 1179 1566 necessario

32 1601 199 1667 dicerem?
223 1603 261 1665 de
283 1622 327 1664 or.
354 1605 381 1680 1,
403 1602 444 1665 28
467 1622 562 1684 saepe
585 1600 670 1664 enim
692 1601 778 1665 soleo
800 1603 909 1667 audire
925 1602 1085 1686 Roscium,
1109 1625 1179 1666 curn

32 1707 81 1769 ita
103 1707 198 1769 dicat.
243 1702 355 1787 (Sonst
377 1703 421 1766 im
445 1702 681 1788 Praeteritum.)
704 1703 733 1785 2,
757 1704 776 1766 6
799 1725 893 1787 saepe
916 1726 954 1768 ex
977 1726 1085 1770 socero
1109 1727 1179 1769 meo

36 1806 164 1887 audiri,
189 1826 259 1868 cum
282 1806 309 1868 is
332 1805 459 1869 diceret.
504 1805 596 1868 Eben
618 1826 653 1868 so
676 1809 696 1886 §
721 1805 781 1868 144
804 1807 868 1869 und
893 1809 963 1870 155.
1006 1808 1062 1871 fin.
1087 1808 1117 1890 5,
1143 1808 1181 1870 19

35 1929 133 1990 saepe
157 1907 334 1990 audiebam,
359 1928 430 1971 cum
453 1907 581 1970 diceret.
625 1907 734 1990 parad.
758 1909 788 1986 6,
808 1911 822 1970 l
846 1909 938 1971 multi
962 1930 1000 1971 ex
1022 1915 1055 1972 te
1076 1909 1181 1972 audie·

34 2015 131 2088 runt,
154 2030 225 2072 cum
248 2009 377 2072 diceres.
421 2031 454 2072 n.
478 2009 507 2072 d.
535 2012 561 2092 l,
584 2010 622 2071 21
648 2030 742 2092 saepe
766 2010 873 2072 videor
896 2009 1029 2088 audisse,
1054 2032 1127 2074 cum
1149 2016 1181 2073 te

33 2148 76 2159 -
93 2113 278 2175 anteferret.
314 2109 406 2173 Nach
427 2112 548 2175 vidore:
571 2110 609 2174 de
632 2133 677 2174 or.
701 2112 731 2190 3,
746 2113 787 2176 23
810 2112 877 2175 dies
898 2118 931 2175 et
951 2119 1060 2176 noctes
1078 2114 1180 2176 virum

34 2253 75 2259 —
99 2212 294 2290 videbamus,
317 2211 511 2295 philosopho
535 2234 606 2275 cum
629 2234 757 2297 operam
780 2212 885 2293 daret,
908 2212 945 2288 Q.
970 2213 1178 2287 Tuberonem,

37 2316 121 2378 Eine
145 2316 255 2378 aweite
277 2313 376 2378 Stella
405 2314 486 2377 habe
516 2315 568 2378 ich
590 2315 674 2380 noch
697 2337 755 2379 aus
778 2315 844 2379 cic.
868 2318 976 2396 notirt‚
1000 2316 1076 2380 aber
1098 2317 1180 2378 ohne

35 2417 172 2481 Ziffern:
195 2438 290 2500 saepe
313 2416 379 2499 ipse
403 2414 478 2500 vidi,
502 2438 574 2481 eum
590 2455 630 2464 -
647 2418 839 2481 viderentur.
885 2417 976 2482 Nach
992 2420 1182 2500 conspicere:

34 2542 67 2604 p.
92 2518 174 2584 Sest.
196 2520 238 2582 53
261 2540 422 2601 nunquam
444 2523 493 2582 est
515 2523 714 2603 conspectus,
736 2541 809 2583 cum
831 2522 966 2585 veniret.

123 2621 158 2704 b)
182 2619 261 2686 Germ
295 2623 356 2685 mit
385 2620 456 2685 dem
483 2621 733 2705 potentialen
761 2621 955 2705 Conjunctir
983 2622 1040 2685 der
1067 2622 1181 2685 awei-

36 2729 105 2788 ten
133 2723 220 2787 Pers.
249 2723 422 2807 singularis
448 2722 580 2807 (‚,wenn
608 2729 718 2805 man“)
748 2725 791 2787 ist
819 2725 936 2789 bereits
963 2747 1020 2788 aus
1049 2724 1182 2790 Plautus

38 2825 301 2910 nacbgewiesen,
331 2846 356 2887 s.
387 2826 490 2905 §491
522 2827 561 2903 A,
593 2829 620 2908 1,
644 2848 671 2889 a.
718 2827 808 2890 Dazu
835 2827 958 2890 kommt
981 2827 1064 2891 noch
1088 2827 1182 2892 Ceto

35 2951 88 3012 ap.
119 2927 199 2991 Gall.
226 2927 256 3005 2,
286 2927 338 3008 22,
361 2927 402 2989 29
430 2931 544 2990 ventus
573 2929 718 3008 Cercius,
748 2949 845 3011 quom
873 2929 1019 3012 loquare,
1049 2930 1183 2993 buccam

36 3030 159 3113 implet.
204 3028 315 3092 Oefter
345 3029 394 3092 bei
417 3027 571 3093 Cicero:
600 3052 630 3112 p.
655 3029 743 3094 Sulla
773 3031 811 3093 10
838 3030 969 3095 difficile
997 3036 1045 3095 est
1067 3035 1181 3115 tacere,

39 3155 114 3196 cum
137 3131 254 3196 doleas.
278 3152 345 3214 rep.
373 3134 405 3213 1,
427 3133 448 3193 2
476 3151 546 3194 cum
570 3152 607 3193 ea
630 3153 695 3194 non
718 3136 819 3196 utare.
865 3133 903 3196 de
926 3154 970 3196 or.
993 3133 1022 3214 2,
1045 3135 1086 3196 53
1110 3155 1183 3196 curn

36 3236 72 3299 in
107 3257 178 3298 eam
209 3235 365 3298 rationem
396 3235 558 3317 ingressus
589 3233 641 3297 sis.
686 3234 725 3297 67
751 3255 821 3298 cum
851 3234 955 3316 ludas,
989 3256 1058 3298 curn
1090 3234 1183 3298 aliter

36 3338 158 3401 sentias
181 3358 218 3400 ac
240 3335 381 3418 loquare.
419 3335 517 3416 §273
539 3357 611 3399 cum
633 3336 782 3419 excipias.
821 3337 918 3417 §328
941 3357 1012 3400 cum
1033 3357 1184 3420 exponas.

38 3440 69 3518 3,
92 3440 135 3502 53
160 3438 207 3501 rel
238 3459 310 3501 cum
339 3436 458 3520 aliquid
480 3459 500 3500 a
522 3443 553 3500 te
581 3438 650 3521 ipso
680 3439 803 3502 reicias.
850 3441 930 3502 orat.
952 3438 994 3501 62
1016 3459 1043 3501 c.
1066 3440 1109 3501 sis
1132 3439 1182 3502 his

40 3541 122 3604 locis
151 3560 234 3603 usus.
280 3540 320 3602 67
344 3561 371 3603 c.
400 3544 455 3602 aut
482 3560 597 3624 arguas
626 3543 682 3603 aut
709 3541 846 3605 refellas.
891 3543 972 3603 orat.
1001 3547 1083 3622 part.
1112 3541 1132 3604 6
1156 3562 1182 3603 c.

38 3641 160 3725 aliquid
194 3645 249 3704 aut
282 3642 420 3705 invisum
454 3649 511 3704 aut
543 3641 722 3706 inauditum
750 3643 845 3707 dicas.
890 3642 931 3705 25
959 3664 987 3706 c.
1016 3644 1046 3705 ei
1072 3643 1184 3728 generi
1243 3630 1246 3636 ⁵

38 3744 206 3808 hominum
229 3744 398 3809 consilium
420 3743 484 3812 des.
526 3744 580 3807 fin.
603 3746 634 3826 4,
650 3748 688 3809 27
713 3764 739 3812 c.
763 3765 861 3829 prope
884 3745 1064 3812 accesseris.
1088 3744 1181 3809 Tusa.

36 3846 176 3928 5§14.
214 3849 253 3911 de
275 3869 343 3911 seu.
367 3851 387 3928 ξ
414 3849 441 3911 9.
485 3846 577 3911 Tusa.
602 3850 622 3912 3
645 3849 722 3930 §52
744 3870 769 3911 c.
793 3847 983 3912 consideres.
1020 3849 1182 3929 5§60o.

38 3948 114 4012 huic
137 3950 306 4014 obsecutus
328 3951 381 4014 sis.
419 3950 481 4014 Mit
503 3951 574 4014 dem
595 3950 780 4035 Imperfect:
807 3949 895 4012 Brut.
920 3951 1018 4031 §134
1041 3972 1066 4014 c.
1090 3972 1183 4034 quos-

38 4059 112 4123 dam
135 4057 271 4121 audires.
310 4053 371 4117 Mit
393 4053 464 4116 dem
480 4053 791 4136 plusquamperfect:
815 4055 889 4136 post
904 4051 968 4115 red.
986 4052 1016 4129 6,
1037 4054 1073 4115 13
1088 4074 1183 4134 quem

39 4164 296 4245 praetereuntem
327 4179 398 4220 cum
425 4159 570 4238 uicturos,
602 4156 698 4218 etiam
721 4156 748 4218 si
771 4193 812 4202 -
834 4153 1046 4235 existimares,
1076 4158 1182 4217 tamen

42 4302 79 4310 —
102 4284 169 4326 non
193 4266 331 4345 putares.
974 4242 977 4257 ’

127 4363 320 4428 Ausserdem
347 4361 428 4433 habe
451 4360 502 4425 ich
525 4382 586 4424 nur
607 4361 724 4424 notirt:
758 4360 847 4424 Sall.
867 4359 949 4443 dag.
973 4359 1025 4441 84,
1047 4359 1092 4438 35
1112 4382 1183 4424 cum

39 4474 106 4532 tute
130 4489 188 4551 per
210 4465 376 4529 mollitiem
399 4485 487 4547 agas.
533 4462 699 4537 Quintil.
724 4462 753 4543 9,
776 4465 805 4544 3,
830 4464 870 4527 68
894 4483 965 4526 cum
979 4461 1131 4527 -dicas
