3024 5070
736 337 969 400 „754-

276 488 399 572 fflgtem
422 488 515 551 aliud
534 492 601 551 eret
622 490 684 552 seit
704 489 863 567 Cicero,
890 487 1030 552 'either
1054 488 1108 551 die
1128 486 1353 570 verbim-g
1373 487 1440 548 nit

275 591 341 654 nisi
362 591 556 674 besonugt3
578 588 701 654 Stellen
723 589 815 674 giebt
835 589 932 653 Hand
954 589 1048 653 Tm
1069 593 1102 667 4,
1124 589 1238 654 8246
1260 588 1324 672 fg„
1347 609 1379 650 ι.
1395 585 1438 649 R

276 690 527 775 p.Sullefi3b
556 691 639 754 nihil
666 691 910 775 aliudsgerem
943 692 1008 755 nisi
1040 714 1114 756 enm
1145 731 1180 739 -
1209 690 1438 754 desudem.

279 790 911 876 p.Scst.§61nss1ssalindsibinisi
940 793 1315 877 depetrinepeimlis
1344 793 1438 874 engi

275 893 585 978 tendompuiebet.
629 893 1437 974 Tmlssossnfflsfiudestdimnis'

278 995 449 1061 recordari.
495 995 583 1059 Aber
604 996 665 1061 den
688 996 804 1060 beiden
832 995 949 1060 lemn
977 995 1101 1060 Stelien
1128 994 1347 1080 enepmbm
1368 995 1434 1058 fol-

276 1097 381 1183 gendo
403 1097 464 1161 mit
484 1118 601 1180 quam:
622 1097 685 1182 leg.
708 1097 1438 1181 iimfifflutnihssdiodqomdehoete

277 1221 315 1265 ac
339 1199 379 1264 de
401 1199 495 1264 leode
517 1200 649 1285 cogitet
679 1198 1437 1285 legg.l§25estsutemvi1tnsm]1ssalind

276 1324 372 1387 qoem
394 1302 428 1366 in
450 1324 485 1366 se
506 1300 704 1387 perfecisset
725 1301 766 1364 ed
793 1324 954 1366 summum
981 1301 1137 1386 perducis
1162 1307 1290 1366 natm
1335 1301 1435 1366 salt

275 1402 352 1489 Jug.
373 1404 404 1481 3,
426 1404 448 1468 3
468 1425 573 1488 neque
595 1403 683 1467 eliud
705 1443 747 1454 -
768 1404 841 1468 nisi

362 1504 470 1570 Ueber
490 1505 542 1569 die
558 1504 679 1589 Ellipse
702 1504 758 1569 des
774 1505 935 1570 Verbums
956 1506 1041 1571 mich
1064 1506 1148 1570 ussei
1168 1507 1264 1570 aliud
1274 1529 1304 1569 e.
1319 1510 1342 1587 ξ
1355 1507 1434 1587 519,

275 1609 306 1686 2,
329 1607 360 1686 k,
383 1631 414 1671 a.

361 1733 383 1773 ι.
428 1706 535 1773 Ueber
561 1708 624 1772 den
650 1708 821 1773 Gebreuch
849 1731 914 1774 von
941 1731 1006 1774 non
1035 1712 1100 1774 nisi
1122 1709 1187 1773 und
1209 1711 1278 1773 8131
1303 1748 1340 1758 -
1365 1731 1432 1773 non

276 1810 320 1874 ist
341 1832 379 1874 zo
402 1809 591 1895 bemerken,
613 1810 687 1874 dass
708 1817 845 1875 ersteres
867 1812 917 1876 bis
933 1810 1041 1876 livius
1062 1810 1220 1876 inclusive
1241 1833 1308 1875 nur
1327 1812 1430 1875 durch

275 1911 393 1977 endere
415 1910 546 1976 Worter
573 1917 726 1997 getrennt
753 1912 929 1981 erscheint:
968 1912 1095 1977 Plauc
1123 1913 1243 1998 Amph
1272 1914 1341 1978 390
1361 1936 1428 1977 non

277 2014 390 2098 loquer
411 2014 474 2079 nisi
497 2036 574 2098 pace
595 2016 691 2081 face.
735 2014 815 2080 Cic.
840 2014 935 2080 Rosc.
957 2018 1031 2080 Am.
1055 2017 1076 2095 (5
1100 2015 1141 2078 12
1162 2015 1248 2099 quod
1269 2037 1336 2080 non
1361 2016 1428 2080 fere

275 2116 438 2200 contingit
464 2117 527 2181 nisi
556 2118 595 2180 iis
623 2118 678 2202 qui
707 2119 763 2186 ott.
809 2115 885 2182 Und
911 2138 950 2181 so
978 2116 1064 2180 oster
1086 2115 1138 2180 bei
1166 2116 1236 2180 ihm
1268 2118 1336 2181 und
1365 2118 1429 2181 cen

275 2216 470 2302 Folgende'n.
505 2217 591 2282 Oder
613 2219 646 2283 in
671 2218 898 2303 umgekehrter
920 2217 1082 2303 Stellung:
1105 2216 1145 2280 de
1167 2239 1235 2282 sen
1250 2221 1273 2300 ξ
1287 2219 1330 2282 21
1347 2240 1428 2304 quse

275 2318 384 2384 dirimi
406 2319 470 2384 nisi
499 2320 682 2385 detestabili
710 2320 829 2386 scelere
856 2342 923 2384 non
951 2322 1067 2404 potest
1111 2319 1189 2382 snm.
1214 2321 1243 2401 1,
1269 2323 1298 2398 1,
1323 2325 1340 2383 l
1364 2321 1427 2384 nisi

274 2420 476 2505 pertentare
504 2422 543 2486 de
570 2445 622 2487 me
648 2444 714 2486 non
743 2422 932 2506 conquiesti
978 2419 1088 2485 Caes.
1117 2420 1149 2484 b.
1181 2440 1213 2504 g.
1238 2423 1272 2497 1,
1295 2423 1340 2485 44
1360 2422 1423 2485 nisi

275 2523 473 2589 11818181-
494 2545 563 2589 sese
586 2525 677 2589 iilum
699 2546 767 2589 non
789 2544 849 2609 pro
871 2523 988 2599 emico,
1022 2522 1079 2587 sed
1105 2521 1199 2586 hoste
1226 2520 1424 2587 habiturum.

276 2626 306 2690 b.
330 2647 356 2690 c.
379 2626 411 2709 3,
435 2626 474 2690 87
498 2626 618 2691 iuravit
639 2647 673 2690 se
696 2625 760 2690 nisi
781 2625 935 2690 victorem
958 2625 992 2689 in
1008 2628 1113 2689 cestre
1125 2645 1193 2688 non
1210 2645 1423 2690 reversurum.

276 2726 367 2791 Ebcn
392 2749 427 2792 so
450 2727 546 2793 Sall.
570 2727 641 2794 Cat
667 2730 715 2808 13,
743 2731 768 2791 l.
812 2727 887 2814 Jug.
908 2727 961 2810 54,
982 2728 1004 2791 5
1025 2726 1090 2790 und
1111 2725 1257 2810 Spfitere.

358 2828 420 2893 Die
450 2834 726 2914 ungetrennte
749 2829 961 2914 Verbindung
987 2850 1050 2893 von
1078 2848 1144 2893 non
1168 2831 1236 2894 nisi
1264 2830 1347 2894 wird
1376 2853 1426 2894 zn-

278 2934 344 2995 eret
370 2952 428 2995 eus
455 2930 556 2995 Ovid
583 2930 772 3016 engeffihrt:
816 2932 900 2996 trist.
929 2933 964 3015 3,
996 2931 1052 3014 12,
1079 2930 1122 2995 35
1149 2930 1270 2994 mirum
1296 2932 1363 2996 nisi
1388 2931 1427 2995 de

278 3033 414 3118 regione
430 3034 612 3118 propinqua
627 3054 691 3097 non
715 3032 777 3096 nisi
801 3034 923 3098 vicinas
944 3036 1032 3098 ntus
1054 3037 1161 3098 araret
1182 3055 1294 3117 aqum.
1332 3034 1427 3097 Dsnn

274 3134 368 3200 nicht
389 3135 492 3200 seiten
515 3137 549 3199 in
572 3133 628 3199 der
650 3134 751 3198 Prose
773 3134 828 3199 des
856 3136 1016 3200 silbernen
1046 3134 1109 3199 und
1137 3138 1252 3220 spiten
1276 3134 1427 3200 Iateins:

273 3258 298 3300 8.
321 3235 417 3300 Hand
441 3235 534 3300 Ture.
556 3238 578 3299 4
600 3235 631 3301 S.
655 3237 726 3302 252.

358 3338 474 3420 5558.
520 3337 603 3402 Dese
631 3360 694 3403 von
724 3338 797 3403 dem
830 3338 984 3403 Partic.
1016 3339 1087 3403 fut.
1120 3341 1246 3404 activi
1278 3341 1332 3404 ein
1368 3339 1426 3404 Be·

276 3439 511 3526 dingungssetz
533 3441 593 3505 mit
613 3443 660 3523 si,
689 3442 726 3505 ni
753 3440 831 3505 oder
856 3443 922 3506 8181
948 3441 1105 3526 abhiingt,
1138 3441 1342 3506 becbechten
1369 3443 1428 3507 wir

275 3545 341 3607 erst
373 3541 436 3606 seit
468 3541 548 3607 Lis.
576 3544 612 3622 3,
642 3543 699 3621 60,
722 3543 741 3607 8
764 3541 883 3606 vallum
905 3544 1088 3623 invasurus,
1117 3544 1152 3607 ni
1174 3544 1273 3627 fcopis
1294 3566 1427 3628 pugnae

274 3643 376 3708 fieret.
406 3644 436 3723 8,
462 3645 512 3727 17,
540 3647 579 3709 10
600 3646 758 3710 incertum
780 3666 844 3730 qus
866 3644 928 3708 fide
949 3644 1102 3726 culturus,
1125 3645 1151 3708 si
1167 3645 1303 3728 perinde
1321 3650 1427 3711 cetera

274 3745 516 3828 processissent.
553 3747 582 3830 9,
605 3746 657 3830 29,
679 3747 700 3811 4
722 3746 889 3830 quieturus
911 3746 994 3810 haud
1017 3747 1122 3828 dubie,
1146 3747 1210 3810 nisi
1232 3746 1320 3812 ultro
1337 3769 1427 3811 orma

273 3845 402 3912 Etrusci
425 3847 592 3914 inferrent.
621 3849 672 3927 22,
698 3847 746 3931 12,
770 3848 791 3913 2
813 3848 903 3912 nullo
924 3847 1004 3933 loco,
1027 3849 1089 3912 nisi
1112 3853 1268 3931 quantum
1284 3851 1426 3915 necessi·

274 3952 323 4014 tos
348 3954 487 4035 cogeret,
511 3950 660 4015 fortunae
683 3972 718 4014 se
741 3949 975 4014 commissurus.
1021 3948 1095 4014 Und
1117 3949 1209 4017 oster.

361 4050 418 4115 Bei
442 4051 552 4136 Nepos
574 4051 658 4116 fehlt
678 4051 765 4116 diese
788 4051 1015 4119 construction
1022 4101 1032 4134 ,
1065 4051 1108 4115 ist
1140 4051 1217 4116 aber
1245 4051 1360 4139 hsufig
1383 4055 1427 4118 im

273 4152 435 4217 silbernen
458 4153 588 4218 Latein:
628 4154 708 4217 Vel.
739 4152 834 4218 Max.
858 4155 891 4235 7,
921 4154 957 4236 5,
986 4153 1056 4218 5si
1079 4153 1150 4235 quis
1174 4191 1213 4201 -
1236 4176 1426 4238 repraesen-

273 4256 390 4335 188881,
406 4255 662 4338 impetraturus.
714 4255 803 4320 Aber
836 4255 928 4320 nicht
958 4255 1008 4319 bei
1042 4253 1197 4339 Vellejus.
1251 4259 1320 4321 Aus
1354 4258 1426 4323 dem

269 4353 431 4438 jungeren
454 4353 606 4420 Seneca
627 4357 718 4441 giebt
740 4356 778 4422 Ε.
802 4356 896 4441 Opitz
919 4356 950 4422 S.
973 4356 1014 4421 23
1036 4354 1236 4440 Folgendeet
1260 4357 1425 4438 (181183,

277 4455 325 4537 16,
346 4456 366 4519 3
390 4455 525 4520 crudelis
547 4457 683 4540 futurus,
718 4459 745 4523 si
768 4480 879 4524 omnes
901 4458 1094 4523 abduxisset.
1138 4457 1179 4524 ed
1202 4457 1304 4525 Marc.
1328 4462 1426 4541 24st
1481 4542 1484 4551 .
