3024 5070
583 321 811 385 -727-

123 475 149 539 si
173 496 248 539 non.
294 475 390 540 Ovid
421 478 495 538 met.
522 476 572 551 14,
597 474 637 537 ’12
665 473 803 537 Teucras
832 474 940 538 fuerat
960 495 1102 538 mersura
1126 474 1263 555 carinas,

123 577 156 640 ni
180 579 267 660 prius
289 579 320 641 in
346 575 510 659 scopulum
523 574 805 638 —transformata
827 576 920 639 foret.
955 577 1035 640 trist.
1053 577 1082 654 2,
1099 576 1138 639 97
1163 575 1264 658 potui,

125 678 152 741 si
175 698 241 742 non
265 683 407 742 extrema
428 680 584 742 nocerent
605 679 756 740 -tutus
779 698 856 740 esse.

208 779 337 862 5112,
362 782 378 842 1
402 779 479 862 quid
507 778 593 842 enim
620 776 762 841 futurum
790 777 866 852 fuit,
900 778 927 839 si
950 815 992 824 -
1014 778 1129 863 agitari
1152 782 1265 862 coepta

123 885 215 946 esset.
245 883 282 964 2,
306 881 348 944 22
378 883 642 962 comparaverant
670 878 790 942 auxilia
818 915 859 925 -—
887 880 922 942 ni
950 883 1144 943 maturatum
1173 885 1263 944 esset.

123 983 153 1064 2,
176 983 218 1047 30
239 984 266 1046 11
290 1004 386 1045 unum
411 980 496 1044 diem
518 981 634 1044 morati
657 979 777 1057 essetis,
801 979 1000 1044 moriendum
1023 981 1170 1044 omnibus
1192 981 1263 1045 fuit.

122 1083 164 1147 50
185 1084 335 1148 vincebat
350 1122 384 1130 —
399 1084 553 1166 paucitas,
576 1083 610 1145 ni
626 1081 745 1145 Veiens
767 1082 802 1144 in
825 1081 976 1145 verticem
992 1081 1081 1145 collis
1104 1083 1264 1146 evasisset.

122 1185 164 1249 65
185 1185 231 1249 111
246 1205 347 1268 prope
361 1188 528 1248 oneratum
543 1187 592 1247 est
606 1183 771 1246 sinistrum
788 1203 896 1263 comu,
920 1182 1005 1245 ni-
1019 1183 1130 1246 consul
1146 1183 1264 1265 pudore

123 1290 242 1350 metum
265 1288 468 1350 excussisset.
513 1286 543 1365 3,
570 1288 583 1348 1
609 1294 700 1348 atrox
728 1288 889 1348 certamen
920 1284 1030 1372 aderat
1051 1284 1107 1370 (=
1122 1285 1264 1348 futurum

122 1391 213 1470 erat),
237 1388 271 1452 ni
295 1387 412 1451 Fabius
434 1408 501 1450 rem
523 1386 712 1470 expedisset.
757 1387 788 1469 3,
813 1385 852 1448 19
874 1407 970 1467 nunc,
992 1385 1055 1449 nisi
1077 1384 1184 1451 Latini
1208 1407 1265 1450 sua

29 1480 31 1483 ’
121 1494 236 1571 sponte
258 1511 347 1572 arma
369 1490 597 1571 sumpsissent,
621 1489 707 1571 capti
730 1491 762 1550 et
784 1486 880 1551 deleti
903 1508 1038 1552 eramus.
1083 1489 1114 1568 3,
1137 1486 1264 1551 43110-

120 1611 205 1653 mam
234 1592 310 1655 ferri
339 1590 486 1674 protinus
508 1588 645 1654 Siccium
667 1587 830 1671 placebat,
854 1588 887 1652 ni
910 1588 1079 1653 decemviri
1103 1625 1140 1635 -
1164 1592 1264 1652 matu·

120 1696 254 1760 rassent.
297 1694 327 1774 4,
349 1692 391 1756 52
418 1693 481 1756 iam
510 1694 612 1755 fomes
640 1712 736 1773 quam
762 1688 948 1773 pestilentia
977 1690 1101 1754 tristior
1123 1694 1206 1768 erat,
1229 1691 1264 1753 ni

122 1789 160 1840 -'
185 1815 333 1858 annonae
355 1794 440 1858 foret
461 1794 660 1856 subventum.
705 1792 734 1870 5,
759 1791 800 1855 53
828 1790 911 1874 quod
939 1790 1055 1855 facturi
1078 1791 1214 1875 fuimus,
1236 1791 1264 1855 si

120 1894 213 1958 aedes
235 1900 362 1960 nostrae
385 1895 626 1978 deflagrasseut.
670 1893 700 1971 6,
723 1892 763 1956 21
788 1913 906 1977 magna
928 1914 1002 1975 pars
1025 1914 1062 1956 eo
1084 1892 1265 1957 inclinabat

120 1999 218 2059 ut-
241 1996 303 2060 nisi
332 1996 456 2079 privato
486 1996 627 2079 periculo
656 1993 817 2078 publicum
841 1992 1031 2077 implicitum
1054 1998 1146 2058 esset.
1193 1994 1263 2076 7,7

120 2119 222 2181 neque
249 2097 406 2161 sustinere
431 2101 590 2178 poterant,
620 2098 653 2160 ni
683 2095 828 2159 cobortes
857 2115 890 2157 se
920 2095 1124 2160 obiecissent.
1171 2097 1199 2175 7,
1224 2097 1264 2160 14

120 2198 246 2282 iamque
270 2197 354 2261 haud
379 2197 490 2281 procul
512 2199 598 2261 iusto
614 2197 733 2281 proelio
749 2199 918 2280 reserant,
941 2197 974 2260 ni
991 2198 1136 2262 celeriter
1151 2197 1264 2261 direm-

121 2303 210 2382 ptum
233 2304 394 2363 certamen
421 2337 455 2346 —
482 2303 574 2363 esset.
619 2299 671 2381 22,
694 2299 736 2361 60
765 2297 920 2362 obsistere
943 2320 979 2362 ac
1001 2299 1138 2363 retinere
1160 2302 1265 2366 conati

119 2405 201 2479 11111,
225 2401 258 2463 ni
287 2439 319 2447 —
346 2402 603 2464 summovissent.
648 2399 699 2478 25,
722 2400 762 2463 31
786 2399 871 2482 quod
893 2398 1116 2482 (frumentum)
1139 2402 1173 2464 ni
1196 2405 1263 2467 tam

121 2501 155 2564 in
177 2506 320 2585 tempore
343 2502 493 2584 venisset,
518 2501 619 2565 tames
642 2499 792 2564 instabat.
837 2499 889 2582 28,
913 2501 955 2565 33
978 2522 1095 2586 anceps
1117 2508 1264 2586 equestre

120 2606 282 2667 certamen
313 2606 396 2681 erat,
426 2603 487 2666 nisi
517 2601 641 2686 equites
670 2601 938 2684 supervenissent.
983 2604 1041 2686 31,
1072 2603 1107 2667 2]
1136 2607 1262 2676 occasio

123 2704 255 2789 egregie
276 2705 321 2768 rei
344 2703 503 2788 gerendae
521 2706 602 2786 fuit,
631 2704 656 2766 si
681 2703 828 2787 protinus
850 2704 888 2767 ad
916 2707 1020 2769 eastra
1046 2708 1264 2793 oppugnanda

121 2806 270 2870 duxisset
316 2804 372 2890 32,
405 2806 443 2869 12
471 2806 570 2869 deleri
599 2809 685 2870 totus
716 2807 873 2870 exercitus
898 2808 1016 2890 potuit,
1045 2808 1071 2870 11
1099 2807 1262 2891 fugientes

119 2907 277 2992 persecuti
307 2907 442 2971 victores
471 2911 587 2972 essent.
633 2908 684 2989 34,
706 2907 748 2969 29
770 2907 932 2971 difficilior
954 2908 1040 2972 facta
1062 2911 1262 2992 oppugnatio

120 3011 197 3090 erat,
228 3009 261 3071 ui
284 3007 320 3072 T.
344 3007 510 3083 Quinctius
538 3009 781 3090 supervenisset.
825 3007 877 3089 38,
899 3009 939 3071 41
963 3029 1042 3091 quos
1065 3029 1135 3094 ego,
1159 3011 1186 3074 si
1207 3014 1262 3074 tri-

120 3110 197 3174 buni
219 3130 270 3173 me
291 3109 490 3192 triumphare
512 3107 730 3191 prohiberent,
753 3113 851 3173 testes
875 3109 1029 3173 citaturus
1051 3108 1099 3173 fui
1123 3131 1263 3177 reruma

120 3233 169 3275 me
190 3216 362 3296 gestarum.
407 3211 457 3292 38,
480 3210 522 3273 49
545 3211 572 3273 si
594 3209 735 3293 gladium
759 3211 793 3273 in
816 3210 895 3273 Asia
918 3231 982 3273 non
1006 3212 1206 3277 strinxissem
1220 3251 1261 3261 -—

119 3318 227 3377 tamen
255 3310 453 3396 triumphum
481 3332 667 3375 merueram.
712 3311 764 3394 42,
788 3311 829 3376 34
858 3312 885 3376 11
913 3311 991 3375 mihi
1020 3333 1080 3377 neo
1103 3314 1263 3396 stipendia

119 3414 228 3479 omnia
240 3414 372 3478 emerita
384 3416 652 3479 essent-tamen
666 3434 802 3495 aequum
812 3417 882 3477 erat
893 3433 944 3476 me
956 3413 1085 3478 dimitti.
1101 3416 1154 3493 45,
1169 3414 1216 3493 19,
1231 3417 1261 3480 l.

204 3515 275 3584 val
292 3515 387 3582 Mar.
410 3516 441 3598 4,
463 3515 493 3598 3,
515 3517 532 3579 'l
556 3516 637 3579 bene
664 3515 857 3599 praetulerat
880 3552 914 3561 —
938 3514 966 3578 si
989 3515 1077 3598 sequi
1098 3515 1260 3582 voluisset.

118 3616 212 3680 Fehlt
237 3617 286 3680 511
308 3615 462 3699 Vellejus.
477 3655 517 3665 -
534 3617 600 3681 Aus
616 3618 687 3680 dem
705 3616 795 3700 jling.
818 3615 971 3679 Seneca
994 3616 1082 3679 citirt
1105 3616 1140 3679 Ε.
1165 3618 1261 3702 Opitz

118 3718 246 3804 (Progr.
269 3716 461 3803 Naumburg
491 3720 580 3800 1871,
610 3717 641 3783 S.
664 3718 720 3801 23)
747 3716 941 3801 Folgendes:
973 3718 1012 3780 de
1039 3717 1087 3780 ira
1116 3722 1144 3800 1,
1170 3721 1217 3800 11,
1241 3721 1262 3785 5

117 3819 257 3904 perierat
278 3819 463 3903 imperium,
494 3818 722 3883 -111115111
751 3822 877 3882 tantum
905 3839 1000 3882 ausus
1031 3823 1123 3883 esset.
1169 3820 1261 3887 Ilben

118 3944 153 3986 so
167 3923 197 4000 2,
213 3921 264 3999 33,
281 3921 301 3985 6
323 3920 463 4002 perierat
483 3919 564 3984 alter
584 3921 678 3999 filius,
702 3922 729 3984 si
749 3958 790 3967 -
802 3942 868 3984 non
884 3920 1065 4003 placuisset.
1109 3921 1148 3986 ad
1163 3921 1257 3987 Helv.

118 4026 166 4106 17,
183 4024 203 4087 6
225 4022 362 4086 multum
384 4025 460 4104 erat,
484 4023 511 4085 si
531 4059 564 4072 -·
583 4023 758 4107 probasset.
798 4024 883 4086 brev.
901 4024 955 4086 vit.
983 4026 1007 4100 l,
1025 4024 1045 4087 3
1061 4022 1139 4086 satis
1155 4023 1255 4107 longa
1298 4067 1301 4073 -

119 4127 184 4189 vita
206 4127 285 4191 datu
306 4129 364 4207 111,
392 4123 418 4187 11
446 4127 516 4187 tota
544 4124 624 4189 bene
647 4124 867 4188 collocaretur.
913 4126 952 4188 ad
975 4124 1074 4189 Marc.
1097 4125 1148 4202 20,
1172 4125 1192 4188 6
1216 4123 1260 4192 Μ.

119 4228 230 4292 Cicero
253 4227 280 4291 si
302 4263 344 4274 —
366 4225 450 4289 filiae
479 4247 554 4289 suae
579 4226 676 4290 funus
700 4230 825 4290 secutus
848 4229 941 4305 esset,
965 4225 1061 4289 etiam
1084 4229 1161 4289 tunc
1183 4226 1260 4291 felix

119 4330 198 4392 mori
214 4329 327 4411 potuit.
373 4329 445 4391 ben.
461 4329 492 4406 5,
507 4328 593 4404 24,2
616 4326 655 4391 ad
678 4327 800 4392 fontem
815 4348 981 4410 -repere
1004 4327 1153 4391 manibus
1174 4328 1261 4392 vole-

121 4430 203 4511 bam,
226 4429 289 4493 1111
312 4428 487 4493 commilito
510 4449 624 4512 aquam
647 4428 727 4493 mihi
742 4428 909 4521 attulisset.
948 4427 1059 4511 (Fehlt
1074 4428 1125 4493 bei
1140 4428 1261 4518 Opitz.)
