2850 5062
532 111 760 175 -537-

37 237 151 318 labor
193 267 223 326 el
250 262 424 344 periculum
452 262 633 344 placuisset.
679 264 770 329 llben
800 284 837 328 so
864 264 908 328 ist
937 286 970 327 es
994 264 1043 327 bei
1069 262 1213 347 Nepos:

29 342 79 423 ¹0»
124 357 174 433 2,
199 366 218 428 3
240 385 291 447 qu.
316 384 410 446 quem
438 363 622 428 venumdari
647 365 801 430 iussisset.
848 364 906 429 Bei
936 366 1092 430 mancbeu
1118 366 1212 430 uach-

21 437 266 529 llassiechen
285 468 429 528 Antoren
451 454 579 529 scheint
600 466 685 531 diese
703 466 794 531 torm
817 488 900 552 ganz
922 489 960 531 au
982 467 1102 531 fehleu.
1143 467 1212 530 Den

13 538 31 602 Ῑ
36 551 269 660 ῃ,(111311111
292 566 398 630 finden
424 567 481 629 wir
502 571 568 631 erst
591 568 707 632 wieder
729 568 792 633 seit
814 568 927 652 Apul.
951 573 1025 633 met.
1045 572 1073 649 1,
1097 568 1212 652 21-qu.

8 663 75 726 <1¹1¹
102 689 468 752 Nprospexissemus.
502 671 549 746 11,
572 670 623 734 24.
655 669 740 755 apol.
756 670 798 734 29
814 692 865 754 qu.
890 669 944 753 qui
968 669 1047 746 nulli
1070 670 1212 734 fuerunt.

6 746 151 829 Aur.
186 769 290 835 1111,
321 791 419 834 caess.
448 771 479 852 3,
508 771 537 833 1,
579 771 632 853 20,
662 773 711 837 33.
749 772 802 854 21,
823 773 853 837 3.
894 771 1016 854 capu.
1040 772 1138 836 eoru.
1165 773 1214 836 15.

0 841 82 962 0
97 881 162 944 p.
184 875 260 936 Aur.
277 873 307 936 5.
346 871 452 936 1111.
475 872 504 951 2,
531 873 579 953 rc,
609 875 652 940 14.
689 876 718 950 5,
741 875 772 955 3,
796 875 825 937 3.
865 875 894 954 1,
923 876 948 949 1,
971 872 1000 936 6.
1038 872 1136 938 sona
1158 872 1216 936 111

9 950 217 1037 etzteret
239 973 302 1037 deu
325 973 536 1055 ConjunctiV,
566 996 628 1037 nur
654 996 695 1038 an
724 975 813 1038 einer
835 973 948 1049 Stelle,
977 973 1073 1037 deren
1097 973 1216 1037 Ziffern

8 1041 70 1112 ⁰¹¹
119 1075 236 1139 niun
257 1075 360 1138 noua
380 1072 479 1156 haue,
509 1074 619 1139 besue
643 1075 730 1139 11111
752 1076 943 1141 coortum:
978 1097 1030 1159 qu.
1054 1075 1109 1158 qur
1132 1097 1215 1138 nun-

0 1164 166 1241 tuam
190 1177 312 1240 viderat
334 1174 466 1240 Romam
489 1176 734 1260 aestimaretque
757 1180 810 1240 ott.

149 1279 191 1362 b)
225 1277 267 1344 Ut
294 1298 350 1343 vor
377 1277 448 1340 dem
479 1277 628 1341 eausalen
651 1277 777 1342 Relatis
800 1279 842 1343 ist
864 1279 1002 1344 seltener
1023 1278 1070 1343 als
1093 1281 1216 1361 quippe,

2 1363 194 1466 oflhnt
220 1380 297 1442 aber
329 1377 484 1441 ebenfalls
518 1379 550 1441 in
581 1379 669 1441 vallen
698 1378 871 1445 Zeitaltern
905 1402 968 1444 vor.
1014 1378 1072 1443 Ab
1100 1378 1216 1444 Modus

4 1464 157 1557 'elgt
184 1479 253 1545 sich
284 1484 390 1543 zuerst
417 1502 478 1543 nur
506 1479 562 1543 der
589 1479 846 1565 Coujunetiv:
881 1481 935 1546 Pl.
965 1480 1053 1548 Trin.
1082 1481 1142 1545 631
1175 1504 1215 1544 an

3 1543 48 1657 W}
118 1586 185 1646 est
218 1603 346 1665 sapere,
379 1585 415 1644 ut
447 1583 501 1663 qui
538 1581 725 1646 beneficium
753 1606 772 1647 a
803 1583 1012 1648 benevolente
1045 1581 1215 1666 repudies?

21 1666 67 1760 „¹-
115 1700 156 1747 ε.
179 1705 287 1749 nonne
310 1683 435 1766 desipis,
458 1683 537 1769 qui.)
573 1688 658 1767 cept
681 1684 744 1747 240
766 1688 802 1748 ut
823 1686 878 1768 qui
897 1720 933 1730 -
950 1684 1059 1751 velint.
1097 1683 1213 1749 Bacch.

21 1761 125 1841 ³¹1
158 1791 194 1851 ut
222 1785 306 1870 quod
335 1806 394 1869 pro
422 1789 508 1848 certo
531 1785 640 1850 sciam.
685 1787 752 1850 Ans
774 1784 896 1850 Teroua
924 1784 1003 1850 wird
1032 1785 1138 1850 nichts
1161 1808 1217 1850 an·
1301 1831 1304 1836 -

27 1869 215 1965 g³³filhrt,
250 1885 314 1950 und
343 1886 396 1950 bei
419 1885 557 1951 Cicero
585 1887 686 1951 findet
711 1887 781 1952 sich
810 1910 873 1952 nur
902 1888 1020 1972 wenig:
1057 1887 1141 1952 Phil.
1168 1889 1217 1967 ll,

40 1959 121 2066 12,
145 1993 186 2056 311
209 1988 321 2072 utqui
345 1987 467 2070 optimo
491 1988 558 2051 iure
581 2009 651 2052 eam
678 1990 876 2073 provinciam
900 1989 1084 2054 obtinuerit.
1130 2011 1160 2052 n.
1185 1987 1216 2051 d.

47 2061 84 2134 2
116 2093 134 2171 ξ
160 2094 218 2157 143
241 2091 353 2173 utqui
376 2094 539 2173 tamquam
563 2089 698 2155 involuti
721 2092 929 2175 quiescerent.
968 2090 1043 2154 fem.
1066 2092 1096 2167 ὀ,
1123 2090 1171 2167 18,
1195 2090 1216 2152 2

66 2192 114 2254 ut
137 2195 219 2278 quod
250 2232 291 2242 —
322 2191 528 2254 existimetur.
574 2191 689 2256 Fulsch
718 2215 784 2256 war
813 2191 937 2256 lrdher:
971 2191 1063 2256 Verr.
1090 2190 1218 2272 2559

69 2298 112 2358 ut
131 2318 150 2359 a
172 2295 286 2376 quibus
310 2293 466 2378 comperit
489 2293 589 2375 (jetzt
610 2291 694 2357 ohne
715 2294 774 2379 at).
811 2293 874 2359 Ein
891 2293 956 2358 Mal
972 2294 1033 2357 mit
1048 2292 1215 2373 Indicativ,

78 2397 153 2462 aber
181 2395 274 2462 nicht
300 2395 419 2460 sicher:
454 2399 521 2459 Att.
545 2398 576 2478 4,
604 2397 650 2474 16,
674 2396 693 2460 6
717 2398 827 2480 utqui
856 2396 920 2460 iarn
950 2395 1216 2480 intelligebamus.

76 2537 109 2549 -
141 2501 247 2566 Caes.
276 2499 305 2561 b.
335 2519 368 2582 g.
396 2498 426 2574 4,
454 2497 505 2562 23.
558 2496 650 2561 llehlt
682 2499 733 2562 bei
766 2496 900 2579 Sallust,
939 2518 1094 2582 wogegen
1129 2496 1217 2561 daun

72 2603 211 2668 Livius
234 2604 327 2664 nnter
349 2598 432 2662 allen
456 2597 710 2664 Schriftstelleru
734 2599 819 2664 diese
842 2598 1009 2665 Formam
1033 2599 1215 2684 hfiufigsten

71 2705 128 2769 het
149 2703 215 2767 und
239 2723 322 2765 awai·
351 2703 466 2766 immer
488 2701 547 2766 mit
575 2701 646 2766 dem
671 2701 881 2785 Coujunctiv:
897 2701 1014 2784 ,praet
1037 2702 1059 2763 4
1081 2705 1117 2764 nt
1137 2721 1217 2784 quae

69 2846 111 2856 —-
136 2810 306 2889 repetatur.
353 2807 379 2881 1,
403 2804 453 2867 2'l.
490 2805 520 2885 3,
544 2804 595 2868 36.
634 2805 663 2886 l,
685 2805 715 2868 5.
754 2804 857 2880 7,14.
888 2804 916 2880 1,
939 2803 979 2867 31
1006 2800 1070 2865 und
1098 2802 1133 2864 in
1156 2801 1215 2865 den

66 2906 248 2991 folgenden
264 2904 417 2969 Dekaden
440 2905 524 2969 noch
548 2906 587 2969 12
611 2903 687 2968 blal.
735 2903 925 2968 Ausserdem
948 2909 983 2968 at
1004 2904 1079 2969 abi:
1100 2903 1152 2985 26,
1176 2904 1218 2966 46

69 3031 176 3093 neque
199 3028 295 3091 opere
318 3009 477 3071 emunitus
508 3013 593 3089 erat,
629 3012 663 3069 ut
692 3006 746 3070 ubi
769 3017 825 3087 (ε
848 3026 920 3069 cum
949 3005 1008 3090 ibi)
1030 3004 1130 3089 ipsius
1158 3003 1219 3068 loci

11 3190 19 3199 ἡ
68 3134 107 3176 ac
131 3110 241 3193 stagni
263 3109 423 3193 praesidio
446 3109 524 3173 satis
547 3107 701 3174 creditum
723 3108 816 3171 foret.
863 3107 914 3190 38,
936 3105 987 3174 21.
1016 3108 1067 3183 41,
1090 3105 1121 3170 2.

160 3211 232 3276 Von
260 3210 300 3273 da
326 3210 367 3274 ab
394 3211 547 3274 seltener:
585 3208 686 3274 Vell.
715 3209 744 3287 2,
773 3210 825 3290 33,
855 3209 875 3274 3
906 3213 940 3272 ut
970 3208 1024 3291 qui
1051 3246 1084 3254 -
1111 3207 1216 3272 iniret.

71 3316 180 3381 Curt.
209 3312 239 3396 5,
261 3313 292 3388 3,
315 3312 335 3376 8
358 3316 393 3374 ut
414 3312 528 3395 quibus
551 3349 590 3359 -
614 3310 827 3375 dimicandum
856 3316 949 3377 esset.
994 3309 1098 3394 (Aber
1127 3308 1219 3372 nicht

70 3420 101 3489 6,
126 3417 156 3492 8,
184 3417 247 3497 11.)
291 3412 389 3480 Pliu.
414 3436 445 3476 rr.
475 3413 505 3476 h.
531 3415 580 3495 15,
604 3413 646 3478 85
669 3417 705 3477 nt
729 3413 762 3475 iu
791 3412 906 3495 quibus
929 3449 969 3460 -
992 3413 1025 3474 in
1053 3432 1142 3474 more
1164 3411 1215 3474 sit.

70 3518 160 3581 Tac.
184 3516 214 3579 h.
241 3518 269 3597 l,
292 3516 345 3580 31.
382 3517 412 3597 3,
435 3516 485 3583 25.
517 3537 594 3583 aun.
618 3515 646 3593 2,
674 3514 722 3577 10.
758 3514 787 3590 4,
811 3513 861 3577 62.
907 3513 969 3580 lein
993 3513 1058 3578 Mal
1089 3513 1145 3578 der
1167 3512 1218 3576 In·

71 3619 209 3683 dicatis:
238 3617 276 3682 G.
299 3618 341 3680 22
363 3622 399 3682 ut
419 3617 503 3701 apud
527 3639 606 3700 quos
628 3616 798 3701 plurimum
822 3615 924 3679 hiems
947 3620 1093 3699 occupat.
1132 3615 1219 3679 Aber

72 3721 219 3786 Heraeus
241 3719 424 3783 vermutbet
445 3723 584 3804 occupet,
608 3717 692 3782 wohl
715 3718 775 3783 mit
790 3716 901 3783 Recht.
940 3717 1002 3782 Mil
1017 3717 1139 3801 Ellipse
1163 3715 1218 3780 des

73 3822 251 3887 Verbums:
276 3820 313 3883 11
339 3821 510 3904 atquibus
532 3820 637 3885 nullus
664 3858 694 3866 -
724 3820 836 3884 cultus.
875 3818 978 3888 Suet.
1002 3818 1064 3884 Tit.
1079 3819 1109 3883 3.
1135 3817 1220 3886 Flor.

71 3929 103 4002 3,
132 3924 180 4005 11,
203 3923 233 3988 3.
277 3921 328 3986 Ob
357 3923 439 3988 auch
465 3928 572 4007 spiter
599 3921 708 3987 noch?
743 3920 800 3985 Ich
829 3919 911 3985 liabe
933 3920 1040 3985 nichts
1064 3919 1217 3984 bemerlrt.

162 4026 194 4107 c)
222 4023 262 4088 In
285 4024 450 4089 iihnlicher
473 4025 596 4102 Weise,
625 4024 701 4088 eber
724 4026 797 4087 weit
824 4022 979 4098 seltener,
1010 4021 1094 4085 ward
1117 4027 1220 4103 utpote

72 4125 272 4214 gebrancbt3
311 4125 363 4192 Pl.
399 4126 479 4191 llud.
512 4126 576 4189 462
608 4126 693 4190 setin
726 4146 864 4208 nequam
897 4145 984 4202 sum,
1018 4127 1129 4206 utpote
1166 4123 1219 4206 qni

73 4230 173 4306 hodie
188 4248 295 4293 amere
310 4228 507 4314 inceperim?
531 4229 597 4292 Ans
613 4228 669 4292 der
684 4227 770 4292 alten
786 4225 857 4292 Zeit
878 4225 969 4300 nicht
992 4225 1100 4291 weiter
1121 4224 1218 4303 citirt,
