3024 5070
716 327 946 390 ,156-

261 480 329 544 sich
351 479 552 562 keineswegs
581 478 641 542 auf
659 477 710 542 die
732 477 873 562 Sprache
895 478 951 542 der
974 478 1260 563 Gesetzgebung,
1295 476 1436 543 sondaru

260 581 384 646 1011111
405 579 486 644 auch
508 580 542 643 in
564 579 715 643 auderem
737 578 1040 665 Zuaammenhauge
1062 579 1130 644 und
1157 579 1274 643 selbst
1298 578 1354 643 bei
1376 578 1435 643 deu

262 681 440 746 Komikern
462 702 530 745 vor.

345 783 475 847 Plaut.
498 782 589 846 Trin.
613 783 655 848 83
677 783 706 847 si
728 787 761 847 te
782 784 982 868 surrupuisse
1004 783 1153 866 suspicer
1178 783 1258 848 lori
1276 804 1433 848 coronam

261 887 300 950 de
322 886 426 970 capite
448 905 487 948 ex
510 882 673 967 Capitolio
697 922 734 932 -
760 884 787 948 si
808 885 841 949 id
864 906 932 949 uon
958 884 1090 949 feceris:
1128 885 1188 969 qui
1224 890 1266 950 tu
1295 886 1332 950 id
1361 908 1430 969 pro

261 986 371 1051 hibere
395 1007 445 1050 me
467 988 558 1069 potes
580 1007 622 1049 11
644 984 812 1069 suspicer?
834 984 927 1050 Eban
949 1006 985 1049 so
1006 1008 1037 1052 1.
1059 986 1102 1051 95
1124 987 1154 1050 si
1178 987 1267 1070 quid
1291 989 1360 1051 scis
1382 1008 1430 1050 me

265 1088 380 1153 facisse
402 1088 516 1151 inscite
537 1091 593 1150 aut
614 1087 775 1170 improbe,
797 1087 826 1150 si
849 1087 880 1151 id
903 1107 967 1150 non
989 1108 1041 1151 me
1055 1108 1202 1165 accusas,
1230 1093 1306 1153 tute
1320 1089 1426 1153 obiur-

260 1189 406 1275 gandu’s.
450 1187 546 1252 Drei
569 1186 869 1273 Bedingungssatze
891 1189 925 1252 in
948 1188 1115 1252 derselben
1140 1190 1376 1276 Anordnung:
1401 1215 1424 1254 1.

259 1290 437 1354 468-413.
482 1289 549 1353 mil.
571 1290 636 1354 480
658 1311 730 1354 erus
752 1289 780 1354 si
803 1290 922 1367 veniet,
952 1290 979 1353 si
1008 1312 1059 1354 me
1087 1296 1251 1375 quaeret,
1283 1292 1339 1358 hic
1363 1315 1422 1358 ero.

262 1397 349 1476 capt.
372 1391 435 1455 679
459 1391 548 1458 Brix.
592 1390 690 1456 Cato
712 1413 764 1476 ap.
788 1391 870 1455 Gell.
896 1391 945 1470 14,
966 1393 996 1469 2,
1019 1392 1062 1455 26
1085 1392 1111 1455 si
1136 1394 1212 1476 quis
1237 1395 1322 1478 quid
1346 1394 1423 1459 alter

261 1494 301 1557 ab
325 1493 427 1557 altero
448 1497 608 1576 peterent,
632 1493 660 1557 si
682 1493 776 1557 ambo
798 1514 892 1577 pares
916 1494 1122 1572 1111111111
1146 1495 1229 1558 boni
1253 1497 1326 1560 sive
1348 1497 1420 1560 mali

261 1598 369 1659 essent
392 1617 449 1657 —r
472 1594 529 1676 illi,
552 1594 637 1658 unde
659 1595 788 1678 petitur,
812 1595 841 1658 ei
863 1594 970 1678 potius
991 1594 1188 1659 credendum
1214 1617 1299 1661 esse.
1339 1597 1417 1663 Ter.

263 1695 322 1761 Ad.
352 1697 412 1759 184
436 1696 463 1758 si
486 1695 564 1760 satis
586 1697 651 1760 iam
675 1694 889 1760 debacchatus
911 1717 954 1779 es,
976 1695 1062 1779 leno,
1085 1696 1171 1774 audi,
1194 1698 1225 1761 si
1249 1700 1312 1782 vis,
1336 1721 1417 1764 nunc

260 1799 332 1862 iam.
367 1797 432 1860 944
442 1796 487 1882 fg.
511 1801 574 1878 (110
597 1797 653 1861 der
674 1801 759 1861 erste
781 1796 857 1869 Satz
878 1798 1015 1862 1111111Ι
1037 1798 1206 1863 concessiv
1230 1800 1303 1887 ist).
1335 1802 1416 1867 Odor

260 1897 316 1962 der
337 1897 517 1983 Hauptsatz
539 1899 626 1963 steht
648 1899 848 1964 zwischen
871 1901 949 1965 zwei
963 1898 1314 1985 Bedingungss'atzen:
1338 1903 1413 1969 Hec.

259 2001 323 2064 255
345 2000 396 2064 sin
419 2005 486 2065 east
507 1999 668 2066 retinendi
692 2022 790 2065 causa
814 2039 868 2081 —,
891 2005 924 2065 te
947 2001 990 2064 mi
1019 2000 1174 2065 iniuriam
1195 2001 1311 2068 facere
1334 2005 1412 2069 arbi·

259 2106 342 2179 tror,
377 2103 404 2165 si
438 2103 553 2166 metuis
576 2107 633 2167 ott.
676 2102 738 2166 411
762 2102 856 2186 idque
878 2103 907 2166 si
929 2123 1013 2166 nunc
1035 2123 1219 2168 memorare
1242 2104 1299 2170 hic
1323 2107 1412 2170 velim

261 2240 311 2281 -,
335 2224 408 2267 1111
429 2224 570 2286 possum,
593 2203 628 2267 ni
649 2208 681 2267 11
704 2225 741 2268 ex
764 2205 835 2288 ipsa
863 2204 941 2269 haec
968 2204 1072 2290 magis
1102 2204 1200 2269 velim
1230 2209 1410 2273 resciscere.

260 2303 328 2368 Der
349 2303 529 2388 Hauptsatz
551 2303 646 2389 geht
667 2306 825 2370 vorauf:
849 2305 978 2372 Phorm.
1000 2307 1064 2371 543
1085 2327 1156 2370 111
1170 2307 1353 2395 triumpho,
1376 2333 1410 2375 ex

259 2406 384 2492 nuptiis
408 2407 472 2470 tuis
495 2406 522 2470 ai
544 2405 592 2471 nil
614 2407 782 2471 nanciscor
803 2407 891 2487 mali,
915 2408 949 2472 ni
971 2446 1013 2455 -
1035 2408 1158 2472 iubeas.

347 2507 453 2573 Ueber
484 2507 626 2573 Cicero
660 2507 793 2572 handelt
825 2508 1031 2593 Nagelsbacb
1065 2511 1101 2573 in
1130 2513 1150 2591 ξ
1184 2512 1260 2575 149.
1315 2514 1410 2579 Nioht

261 2609 364 2674 selten
397 2609 440 2673 ist
481 2610 531 2674 bei
563 2610 631 2674 ihm
664 2610 714 2673 die
748 2609 1000 2695 Voraustellung
1035 2610 1145 2675 beider
1181 2610 1410 2700 Bedinguugs·

259 2716 362 2774 siitze:
400 2709 491 2774 Verr.
514 2712 533 2775 3
556 2714 576 2792 ς
599 2712 641 2774 40
663 2712 691 2775 si
713 2710 822 2794 palam
848 2734 962 2796 praeco
989 2712 1076 2775 iussu
1106 2717 1163 2776 tuo
1192 2717 1410 2797 praedicasset

262 2849 299 2859 -
331 2812 358 2876 si
386 2812 488 2895 pluris
516 2812 712 2877 vendidisses
738 2818 774 2878 tu
800 2813 948 2877 dimidias
981 2835 1075 2897 quam
1109 2815 1209 2878 ceteri
1245 2817 1409 2883 decumas:

260 2913 388 2978 cuinam
421 2913 538 2978 mirum
573 2914 758 2979 videretur?
801 2914 863 2999 leg.
892 2914 1002 2979 Manil.
1026 2918 1047 2996 ξ
1075 2915 1118 2979 59
1140 2936 1214 2979 oum
1243 2940 1287 2981 ex
1321 2921 1408 2984 vobis

258 3022 441 3100 quaereret,
476 3016 503 3080 si
536 3016 570 3079 iu
599 3037 663 3080 uno
688 3054 722 3063 —
748 3017 857 3080 omnia
877 3016 1053 3099 poneretis,
1076 3017 1104 3079 si
1127 3016 1203 3100 quid
1228 3040 1267 3082 10
1290 3021 1408 3086 sachun

259 3124 356 3197 esset,
385 3119 419 3182 in
448 3139 512 3202 quo
539 3139 628 3201 apem
658 3119 770 3182 essetis
792 3117 940 3182 habituri·
961 3120 1016 3181 ott.
1059 3139 1091 3200 p.
1123 3117 1408 3203 011111.2,611

205 3260 211 3268 ·
258 3242 355 3304 quam
377 3220 562 3305 opinionem
585 3219 649 3282 iam
674 3218 1036 3303 -comprehendistis,
1064 3218 1092 3281 si
1121 3239 1191 3282 eam
1221 3225 1308 3287 ratio
1339 3246 1408 3288 eou-

258 3322 370 3404 vellet,
402 3323 428 3386 si
451 3324 553 3385 oratio
575 3320 796 3400 labefactabit,
830 3321 858 3384 si
886 3321 1022 3403 denique
1050 3319 1169 3385 veritas
1192 3326 1407 3409 extorquebit,

258 3445 299 3487 na
336 3423 532 3508 repugnetis.
583 3421 697 3485 Hierin
728 3423 772 3486 ist
807 3421 863 3486 der
896 3426 979 3486 erste
1012 3420 1086 3486 Sata
1119 3420 1177 3486 der
1210 3425 1407 3508 cigentliche

258 3523 469 3606 Vordersatz;
493 3525 553 3587 mit
574 3523 646 3587 dem
668 3524 804 3587 aweiten
823 3526 854 3588 si
876 3522 1013 3606 beginnt
1033 3522 1134 3585 schon
1157 3522 1216 3587 der
1231 3525 1406 3594 Nachsatz.

257 3627 314 3708 51,
340 3628 400 3691 158
429 3624 484 3690 sed
511 3625 571 3689 hoc
598 3624 754 3709 polliceor
782 3624 947 3704 omnibus,
982 3624 1009 3688 si
1038 3623 1088 3688 cui
1114 3623 1200 3688 forte
1238 3634 1408 3714 negotium

259 3728 435 3791 facessetur
452 3763 501 3804 —,
524 3727 551 3790 si
574 3727 601 3790 is
623 3725 670 3789 uti
693 3748 743 3790 me
759 3726 926 3790 defensore
941 3725 1089 3806 10111111,
1109 3747 1162 3790 me
1183 3727 1255 3793 eius
1278 3752 1407 3797 causam

260 3828 475 3894 defensurum.
510 3851 542 3912 p.
566 3827 647 3893 Sest.
676 3829 770 3910 545.
815 3830 883 3893 Aue
909 3827 965 3892 der
990 3826 1041 3890 lex
1063 3826 1191 3892 Plautia
1219 3835 1255 3895 et
1280 3831 1408 3919 Papiria

258 3951 331 3995 vom
353 3929 385 3995 J.
411 3930 503 3994 891.
528 3927 765 3996 (1111111011.
797 3952 830 4013 p.
854 3928 951 3993 Arch.
974 3929 1040 4008 4,7
1063 3929 1090 3992 si
1114 3929 1169 4012 qui
1193 3930 1253 4014 (=
1276 3933 1318 4000 iis
1340 3938 1406 4022 qui)

258 4032 428 4098 foederatis
452 4031 635 4096 civitatibus
657 4031 809 4114 adscripti
830 4030 976 4112 fuissent,
997 4029 1025 4093 si
1047 4034 1127 4110 tum,
1152 4053 1228 4096 cum
1252 4035 1307 4100 lex
1330 4039 1408 4103 fere

259 4134 363 4218 batur,
385 4134 420 4198 in
441 4132 536 4197 Italia
559 4132 755 4197 domicilium
776 4131 965 4196 habuissent
993 4135 1049 4196 ctt
1072 4131 1158 4216 legg.
1182 4135 1213 4213 2,
1238 4136 1286 4202 20
1308 4140 1409 4204 tribus

258 4234 361 4299 modis
383 4236 481 4300 sacris
503 4234 676 4319 adstringi:
699 4233 876 4298 hereditate
899 4236 956 4297 aut
977 4233 1004 4297 si
1027 4232 1183 4299 maiorem
1206 4243 1339 4319 partem
1359 4264 1410 4326 pe.

260 4337 371 4400 cuniae
394 4337 501 4421 capiat
522 4340 586 4418 aut,
609 4336 636 4399 si
658 4337 761 4400 maior
781 4357 855 4420 pars
877 4335 1032 4418 pecuniae
1053 4332 1164 4417 legata
1189 4341 1259 4422 est,
1286 4343 1315 4408 si
1338 4344 1411 4410 inde

258 4438 421 4524 quidpiam
443 4438 574 4522 ceperit.
598 4437 636 4502 de
659 4459 704 4503 or.
727 4438 748 4502 2
770 4441 790 4520 ξ
809 4438 878 4501 131.
901 4437 953 4501 off.
978 4437 1107 4517 3511.
1141 4435 1184 4501 In
1208 4447 1412 4512 successirer
