3024 5070
585 340 619 350 -
669 302 811 367 759-

125 459 321 544 Participien
343 456 425 521 auch
448 454 539 520 Shtze
566 457 601 520 in
628 454 778 519 finaler
800 454 896 519 Form
924 477 994 535 vor,
1025 455 1077 520 die
1106 456 1178 520 eine
1201 477 1269 542 ge-

125 559 331 626 wiinschte
360 556 598 642 Bedingung
626 556 808 640 enthaiten,
836 556 968 641 mitet,
990 577 1047 639 ne,
1071 558 1164 643 dum,
1193 559 1269 625 dum

126 663 225 742 modo,
249 662 348 738 modo,
372 664 496 725 tautum
517 664 553 723 ut
574 657 651 722 oder
671 678 721 723 ne.

210 764 243 848 a)
266 760 377 827 Durch
397 766 434 826 ut
454 760 532 826 oder
553 781 593 825 nc
614 759 693 824 wird
715 760 768 823 ein
792 759 877 844 Sata,
900 758 957 824 der
978 760 1050 824 eine
1072 759 1269 846 Bedingung

126 865 261 949 enthiilt,
284 865 319 928 in
341 864 398 927 der
412 861 509 926 Form
531 862 619 926 eines
635 860 909 947 restringirenden
930 861 1047 925 finalen
1063 860 1268 947 Folgesataes

125 966 321 1052 cingeleitet.
358 962 569 1029 Gewhhnlich
591 962 678 1028 steht
699 965 747 1028 ua
768 963 813 1026 im
834 965 1039 1047 Hauptsatze.
1074 962 1270 1041 Beohachtet

125 1070 168 1134 ist
196 1069 263 1132 dies
292 1069 358 1131 erst
384 1065 445 1128 seit
467 1063 621 1129 Cicero:
650 1065 702 1129 off.
729 1067 761 1143 l,
783 1062 841 1147 25,
864 1064 904 1129 88
933 1068 966 1129 et
993 1069 1101 1129 tamen
1129 1065 1175 1128 itu
1196 1087 1268 1149 pro-

126 1171 231 1235 banda
262 1173 312 1234 eat
344 1167 554 1232 mansuetudo
586 1167 682 1250 atque
715 1165 900 1244 clementia,
933 1169 970 1230 ut
1000 1166 1189 1231 adhibeatur
1221 1169 1268 1232 rei

124 1270 270 1356 publicae
292 1290 386 1334 causa
407 1262 568 1332 severitas.
599 1265 815 1332 Uebersetzen
838 1267 924 1331 kann
948 1290 1041 1332 man:
1062 1291 1147 1352 „nur
1168 1268 1266 1352 dann,

124 1373 255 1456 wenn“;
283 1372 318 1435 in
346 1371 403 1434 de'r
424 1368 510 1433 That
536 1369 616 1454 liegt
644 1370 721 1433 aber
743 1371 795 1433 eiu
818 1368 983 1434 Finalsatz
1005 1390 1071 1434 vor.
1116 1369 1210 1434 Eben
1232 1393 1267 1435 so

124 1473 164 1537 ad
194 1476 262 1538 Att.
286 1474 317 1553 7,
342 1471 430 1554 14,1
467 1471 602 1555 probata
628 1470 775 1535 condicio
802 1475 866 1553 est,
896 1471 950 1534 sed
981 1470 1026 1535 ita
1055 1475 1183 1553 („unter
1212 1473 1268 1536 der

125 1573 360 1658 Bedingung“)
394 1584 430 1636 ut
462 1573 517 1636 ille
540 1609 579 1618 —
602 1571 761 1655 praesidia
788 1573 968 1638 deduceret.
1001 1572 1040 1636 de
1068 1594 1114 1637 or.
1137 1574 1157 1636 3
1184 1576 1204 1655 ξ
1227 1575 1268 1639 38

125 1676 208 1759 quod
231 1674 375 1739 videmus
398 1675 443 1738 ita
466 1695 534 1738 esse
556 1674 784 1757 necessarium,
809 1677 845 1737 ut
867 1679 972 1739 tamen
995 1695 1033 1738 eo
1055 1674 1268 1747 minusnihil

125 1798 194 1841 esse
221 1776 331 1860 possit.
377 1774 452 1840 Und
481 1774 583 1839 ohne
610 1775 885 1861 voraufgehendes
917 1777 980 1840 eta:
1014 1773 1099 1839 Lael.
1127 1777 1165 1840 15
1197 1777 1268 1861 quis

126 1878 255 1960 estqui
281 1876 376 1958 velit,
405 1880 441 1940 ut
467 1897 572 1960 neque
601 1876 716 1961 diligat
742 1897 930 1960 quemqnam
960 1898 1020 1941 nec
1048 1877 1116 1961 ipse
1139 1878 1179 1941 ah
1200 1878 1267 1944 ullo

125 1979 292 2064 diligatur,
326 1977 541 2042 circumfluere
575 1978 724 2042 omnibus
762 1978 885 2063 copiis?
936 1976 1024 2064 (Vgl.
1056 1981 1157 2044 unten
1191 1979 1266 2046 Tac.

124 2103 198 2147 ann.
221 2082 250 2158 4,
274 2079 343 2164 38.)
475 2105 481 2114 ·

208 2182 267 2245 Bei
290 2180 407 2247 Caesar
429 2180 492 2245 und
517 2180 637 2246 Sallust
659 2182 749 2247 nicht
771 2182 928 2246 bemerht.
953 2220 994 2230 —-
1017 2182 1098 2247 [aiv.
1121 2185 1152 2266 3,
1175 2183 1227 2263 21,
1249 2185 1267 2248 7

123 2285 161 2348 de
190 2305 240 2347 me
268 2283 329 2348 hoc
356 2283 418 2348 tib'i
449 2283 653 2367 persuadeas,
676 2285 795 2349 meite
816 2287 1037 2368 accepturum,
1067 2290 1190 2349 utnon
1213 2285 1267 2350 ho·

122 2407 235 2450 norem
268 2406 375 2449 meum
409 2407 428 2448 a
456 2388 488 2448 te
515 2384 721 2469 impeditum,
750 2386 804 2450 sed
833 2386 970 2470 gloriam
999 2391 1125 2450 auctam
1147 2390 1266 2470 putem.

124 2488 154 2566 6,
170 2487 223 2569 41,
242 2491 257 2550 l
283 2492 315 2552 et
334 2487 382 2550 ita
403 2487 544 2550 maxima
558 2489 635 2550 sunt
649 2486 804 2571 adepturi,
821 2492 857 2551 ut
872 2487 953 2551 nihil
976 2510 1017 2552 ne
1039 2510 1098 2572 pro
1122 2489 1265 2553 minimis

125 2589 253 2672 quidem
281 2586 426 2652 debeant.
470 2588 528 2671 41,
556 2589 592 2671 6,
619 2590 659 2651 12
689 2588 804 2674 Lycios
832 2589 879 2653 ita
912 2589 971 2653 sub
999 2588 1197 2654 Rhodiorum
1226 2628 1266 2640 -

124 2690 226 2755 tutela
255 2709 338 2772 esse,
367 2694 403 2754 ut
430 2692 466 2753 in
493 2689 620 2754 dicione
648 2691 758 2774 populi
780 2690 818 2755 R.
841 2691 987 2756 civitates
1009 2691 1116 2756 sociae
1138 2693 1211 2758 sint.
1236 2694 1266 2775 7,

123 2793 224 2875 31,2
252 2792 306 2856 sed
335 2793 381 2855 ita
409 2792 573 2857 vobiscum
597 2792 772 2856 amicitiam
801 2793 927 2857 institui
957 2815 1015 2877 par
1043 2797 1108 2878 est,
1137 2814 1177 2859 ne
1205 2816 1268 2879 qua

123 2895 276 2957 vetustior
305 2893 447 2957 amicitia
469 2894 615 2965 violetur.
660 2895 713 2976 22,
737 2896 788 2977 61,
810 2896 831 2959 5
858 2894 905 2958 ita
932 2895 1088 2960 admissos
1117 2917 1200 2975 esse,
1228 2918 1268 2961 ne

125 3000 230 3059 tomen
256 2994 296 3057 iis
322 2997 452 3058 senatus
480 2994 618 3059 daretur.
663 2994 816 3059 Daseelbe
843 2997 899 3073 31,
924 2997 980 3079 25,
1005 2997 1033 3059 6.
1078 2995 1141 3060 Mit
1169 3019 1266 3080 unge·

126 3093 324 3159 whhnlicher
351 3093 499 3180 Stellung
527 3117 591 3159 von
623 3098 686 3160 ito:
719 3097 776 3174 33,
798 3096 854 3174 31,
880 3098 917 3159 11
947 3100 1110 3180 postremo
1142 3097 1188 3159 ita
1215 3096 1266 3160 de·
1294 3092 1298 3100 ’

124 3200 246 3261 cretum
269 3199 319 3261 est
342 3195 515 3261 Corinthus
538 3196 722 3260 redderetur
744 3195 896 3275 Achaeis,
920 3202 956 3260 ιιι
978 3197 1010 3259 in
1035 3197 1267 3262 Acrocorintho

122 3302 232 3363 tamen
255 3296 449 3382 praesidium
472 3302 564 3362 esset.

209 3401 296 3465 Tac.
321 3421 395 3466 ann.
418 3401 448 3479 4,
465 3399 506 3465 38
529 3402 608 3464 satis
630 3421 787 3484 superque
810 3400 981 3465 memoriae
1004 3422 1093 3465 meae
1113 3402 1266 3482 tribuent,

124 3509 208 3569 ut—
224 3503 365 3568 credant.
396 3500 483 3586 (Vgl.
508 3502 589 3566 oben
613 3501 676 3568 (hc.
700 3500 785 3566 Lael.
812 3503 875 3590 15.)
903 3501 1006 3568 Suet.
1029 3502 1156 3568 01123
1178 3505 1272 3570 aviae

124 3604 286 3670 Antoniae
297 3607 453 3668 secretum
463 3605 587 3688 petenti
599 3602 779 3688 denegavit,
790 3606 855 3670 cisi
871 3610 907 3669 ιιι
922 3605 1132 3669 interveniret
1146 3604 1264 3670 Macro.

209 3697 243 3791 b)
268 3705 381 3769 Davon
405 3704 644 3771 unterschcid'et
666 3705 733 3770 sich
757 3707 813 3770 der
835 3707 907 3771 dem
922 3705 1120 3791 Hauptsatze
1143 3707 1267 3771 vorauf-

124 3808 272 3896 gehende
294 3805 574 3893 Bedingungasatz
596 3809 657 3872 mit
677 3813 722 3890 ut,
745 3808 801 3870 der
822 3808 858 3872 in
879 3808 937 3872 der
959 3807 1061 3893 Regel
1084 3810 1267 3875 concessive

124 3912 318 3993 Bedeutung
350 3909 419 3974 hat:
459 3914 605 3995 „gesetzt
636 3909 730 3973 dass“
767 3909 844 3974 oder
880 3932 993 3994 „wenn
1031 3909 1144 3974 auch“.
1200 3909 1267 3975 Der

123 4014 239 4079 Modus
261 4013 306 4076 ist
327 4010 383 4074 der
405 4010 670 4096 Oonjunctiv,
693 4009 854 4075 entweder
876 4010 932 4075 der
953 4011 1152 4095 subjectiven
1176 4011 1267 4098 th-

124 4115 259 4180 lichkeit
286 4113 363 4177 oder
390 4115 445 4177 des
474 4114 608 4178 irrealen
638 4112 883 4176 Verhiiltnisses.
908 4149 946 4160 —
971 4112 1063 4176 Auch
1092 4111 1159 4177 dies
1187 4113 1266 4177 wird

124 4221 190 4281 eret
217 4218 278 4281 seit
306 4215 448 4280 Cicero
476 4214 719 4301 nachgewieseu
750 4214 814 4277 und
848 4214 891 4277 ist
922 4214 972 4278 bei
1005 4214 1072 4278 ihm
1106 4214 1180 4279 sehr
1211 4237 1265 4300 ge·

126 4317 328 4401 briiuchlich3
349 4341 381 4402 p.
406 4317 533 4394 Quinot.
557 4319 572 4381 1
596 4320 633 4382 ut
654 4337 779 4381 summa
800 4315 951 4381 haberem
974 4319 1089 4398 cetera,
1111 4319 1265 4401 temporis

126 4420 255 4504 quidem
277 4423 361 4485 certe
385 4419 438 4484 vix
461 4420 538 4484 satis
560 4418 668 4491 habui.
691 4419 725 4483 in
749 4417 864 4484 ancil.
881 4417 923 4484 22
946 4422 982 4483 ut
1002 4417 1160 4499 discedat,
1182 4419 1265 4483 nihil
