2850 5062
464 336 752 412 -551-‚

52 473 63 531 l·
101 481 183 554 Phil.
205 492 239 570 3,
267 491 288 553 5
320 510 391 552 cum
424 527 462 535 —
485 489 698 568 iudicavistis,
728 496 795 556 tum
825 492 982 556 statuistis
1006 493 1147 577 („durch

52 592 73 637 ³?
96 580 224 656 Urtheil
245 591 324 654 habt
346 589 398 653 ihr
419 591 662 677 festgestellt“).
708 593 727 655 ”l
737 642 745 670 ,
774 593 812 673 4,
838 594 886 657 13.
932 597 997 658 Α11.
1021 596 1049 672 l,
1073 595 1103 672 3,
1126 596 1147 660 5

52 674 178 777 lulum)
201 714 271 757 cum
295 692 422 755 ornavit
445 692 534 770 Cato,
559 693 734 757 declaravit
756 693 893 778 („durch
916 695 986 759 sein
1008 694 1077 760 hob
1100 718 1146 760 er·

52 784 88 846 le
118 799 204 878 er“).
253 793 427 875 14,10,2.
473 793 765 878 Nachfolgend:
811 795 906 860 Rosc.
936 797 1008 863 Am.
1041 800 1078 861 14
1107 798 1146 863 de

52 884 114 954 fia
141 898 296 982 purgavit
317 882 469 972 Erucius,
503 917 573 959 cum
602 896 684 960 dixit
712 900 767 960 ctt.
813 920 845 980 p.
869 895 958 962 Sulla
979 899 1021 961 24
1043 905 1145 964 sustu-

52 980 169 1064 hanc
192 997 423 1082 suspicionem,
447 1020 518 1062 cum
541 998 664 1062 dixisti.
711 1000 728 1062 7
751 999 877 1064 facetus
906 1021 974 1064 esse
1005 1001 1144 1078 voluisti,

61 1121 126 1145 N
155 1100 274 1165 dixisti.
318 1122 348 1183 p.
373 1098 453 1163 Mur.
477 1100 519 1163 24
541 1122 636 1183 quam
658 1104 691 1164 te
720 1101 856 1165 securim
880 1105 975 1185 putes
998 1103 1144 1168 iniecisse

52 1184 254 1281 ἰ0111111111,
279 1223 350 1265 cum
374 1202 526 1285 populum
550 1201 588 1268 R.
612 1202 646 1266 in
669 1224 741 1266 eum
763 1194 882 1267 metum
899 1202 1067 1267 adduxisti.
1091 1204 1143 1284 27,

52 1308 82 1356 ³·
116 1302 187 1389 leg.
212 1303 300 1368 Man.
317 1303 370 1380 20,
392 1303 442 1368 59.
488 1301 636 1387 011112,
661 1306 675 1367 1
702 1304 773 1369 loco
796 1309 903 1369 motus
925 1309 985 1385 est,
1009 1327 1081 1369 cum
1097 1318 1146 1370 est

52 1395 133 1469 Phe
156 1407 315 1490 depulsus.
360 1406 391 1485 3,
414 1406 434 1469 8
456 1407 612 1469 memorie
632 1407 750 1471 tenetis
773 1445 814 1453 -
837 1394 1017 1490 complures
1032 1409 1066 1470 in
1083 1406 1142 1471 Ca·

52 1492 100 1564 i0
127 1529 180 1572 res
203 1509 241 1571 de
264 1506 350 1571 caelo
373 1528 441 1570 esse
464 1528 645 1590 percussas,
669 1529 742 1572 cum
764 1512 797 1571 et
819 1508 990 1571 simulacra
1012 1508 1143 1572 deorum

52 1594 125 1672 llsa
161 1612 238 1673 suut
275 1613 308 1673 et
343 1611 398 1672 ott.
443 1609 476 1671 in
505 1607 568 1676 Pis.
592 1610 629 1691 3,
654 1612 683 1674 7.
730 1632 759 1693 p.
777 1609 888 1688 ,Deiot
915 1611 953 1673 13
976 1611 1085 1673 omnia
1107 1616 1143 1674 tu

52 1704 147 1775 *tero
180 1710 337 1791 tribuisti,
373 1731 446 1774 cum
479 1715 511 1773 et
538 1711 601 1795 ipsi
629 1716 662 1775 et
688 1711 755 1775 filio
779 1732 896 1778 nomen
919 1712 1043 1794 regium
1068 1732 1141 1775 con·

52 1797 127 1876 isti.
173 1811 257 1876 Phil.
285 1814 321 1892 5,
356 1813 410 1893 14,
439 1811 481 1875 38
509 1811 565 1875 illo
594 1812 646 1876 die
672 1812 778 1890 dedit,
803 1849 839 1859 —
865 1833 935 1875 curn
959 1835 992 1876 se
1015 1814 1142 1878 avertit.

52 1901 76 1982 l,
102 1917 148 1980 10.
198 1918 246 1995 11,
273 1914 321 1996 12,
345 1913 386 1976 28
409 1911 483 1976 huic
505 1913 605 1996 igitur
627 1914 692 1999 legi
716 1915 824 1997 paruit
839 1913 980 1996 Cassius,
1005 1936 1077 1979 cum
1094 1921 1142 1979 est

52 2000 175 2095 Syriam
204 2015 379 2100 profectus.
424 2017 444 2094 ἕ
473 2015 514 2077 35
542 2037 678 2100 magnas
711 2017 766 2079 ille
793 2037 844 2079 res
871 2017 973 2101 gessit
1001 2054 1040 2063 —
1069 2038 1141 2080 cum

52 2118 107 2179 *ori
142 2118 335 2181 nobilissimi
371 2116 459 2178 ducis
496 2116 651 2180 maximas
688 2118 795 2200 copias
832 2116 916 2181 fudit
953 2115 1141 2201 Syriamque

52 2220 125 2282 meni
151 2219 347 2283 Parthorum
370 2217 489 2300 impetu
513 2217 670 2282 liberavit.
715 2218 807 2283 Tusc.
831 2220 861 2294 2,
889 2220 937 2302 12,
960 2220 1010 2283 28.
1050 2219 1140 2284 Brut.

52 2315 152 2384 11611.
177 2322 251 2385 305.
297 2318 370 2383 Und
392 2319 475 2382 noch
498 2320 519 2381 4
541 2319 608 2382 Mal
630 2322 663 2383 in
687 2322 749 2384 den
771 2320 903 2385 Brielen
928 2324 967 2404 (1.
992 2320 1031 2389 Ε.
1051 2320 1141 2386 Hoff-

52 2441 93 2485 uu
115 2421 146 2486 S.
173 2421 262 2504 136).
316 2421 462 2487 Cernit.
487 2421 526 2484 ad
549 2420 626 2489 Her.
649 2422 680 2502 2,
707 2423 753 2503 12,
774 2423 810 2486 17
827 2423 1051 2506 magistratum
1067 2443 1139 2487 con·

52 2544 67 2586 o
88 2524 231 2606 privasti,
255 2544 325 2586 cum
349 2527 462 2605 pontes
484 2522 681 2587 disturbasti.

78 2629 144 2690 hus
167 2625 283 2691 Caesar
305 2624 370 2688 und
395 2624 516 2688 Sallust
539 2623 615 2686 wird
641 2625 747 2689 uichts
776 2624 877 2703 citirt,
906 2626 1052 2711 dagegen
1076 2649 1139 2692 von

55 2729 89 2792 ei
110 2727 434 2812 gleichzeitigen
460 2725 693 2811 Handlungen:
732 2725 827 2790 Bell.
858 2727 966 2810 Hisp.
994 2728 1032 2793 18
1055 2732 1138 2812 quod

52 2831 137 2894 erius
161 2849 232 2893 cum
256 2828 324 2891 fieri
347 2826 584 2907 animadvertit,
609 2828 682 2892 sinu
704 2830 879 2914 pugionem
901 2830 1018 2894 eduxit.
1064 2830 1137 2895 Und

71 2932 184 2995 histor.
208 2929 317 2995 Praes.
347 2930 391 2993 im
421 2928 612 3014 Hauptsata:
656 2928 703 2994 Ib.
726 2932 746 2995 3
768 2953 840 2995 cum
868 2932 1007 2995 adeum
1032 2934 1137 2996 locum

55 3037 157 3110 erunt,
196 3032 285 3095 iubet
317 3031 409 3095 binos
445 3031 567 3114 equites
600 3031 758 3096 incedere.
808 3032 962 3116 Hdufiger
995 3033 1045 3096 bei
1075 3032 1138 3096 Li·

52 3156 95 3199 111
132 3134 161 3211 2,
184 3134 236 3211 40,
260 3135 279 3197 ”l
303 3155 381 3213 non,
404 3134 532 3197 cumin
556 3136 728 3216 conspectu
751 3132 856 3197 Roma
877 3133 954 3214 fuit,
983 3135 1139 3197 succurrit

52 3248 54 3264 '
76 3237 111 3312 4,
135 3235 192 3310 60,
216 3235 235 3298 8
266 3256 339 3298 eum
362 3274 394 3282 —
417 3235 513 3314 vidit,
552 3240 684 3317 repente
707 3238 925 3299 —certamen
949 3238 1136 3299 estortum.

71 3338 181 3401 histor.
205 3335 361 3399 Praesens
383 3337 427 3400 im
451 3335 645 3419 Hauptsatz:
669 3338 700 3414 4,
723 3337 775 3416 44,
801 3338 934 3400 10111111
958 3336 1025 3399 dies
1048 3339 1138 3401 venit

52 3439 231 3502 damnatur.
277 3436 338 3500 Mit
361 3437 552 3520 Coujunctiv
575 3436 712 3501 Perfecti
741 3438 785 3500 im
808 3439 1017 3521 regierendeu
1040 3437 1135 3503 Satn:

52 3542 92 3621 lO,
114 3542 136 3603 4
158 3561 230 3603 cum
253 3539 321 3602 dies
343 3540 448 3617 venit,
472 3560 553 3622 quae
577 3545 703 3623 praeter
726 3544 835 3603 coetus
858 3539 1073 3603 multitudinis
1097 3578 1134 3587 —

52 3647 115 3707 ecte
152 3642 218 3705 sint
256 3662 326 3718 reo,
365 3640 447 3723 apud
484 3641 645 3704 neminem
681 3646 843 3704 auctorem
876 3641 1015 3704 invenio.
1063 3642 1136 3725 (Als

52 3764 135 3807 ssem
157 3741 360 3827 verdiichtig:
398 3742 458 3822 22,
482 3742 538 3819 36,
561 3743 582 3805 4
603 3763 676 3806 cum
699 3746 878 3827 pugnatum
900 3744 983 3825 apud
1007 3744 1136 3809 Cannas
1257 3759 1268 3781 ‘

52 3852 63 3925 )
107 3844 165 3923 22,
194 3845 245 3924 14,
271 3843 309 3905 12
332 3863 403 3906 cum
427 3843 486 3905 sub
509 3844 619 3927 iugum
642 3845 730 3907 missi
753 3865 871 3925 sumus,
896 3882 934 3889 -
959 3845 1136 3928 imposuit?

62 3946 114 4029 20,
137 3949 157 4011 5
180 3946 214 4008 in
236 3949 387 4027 quaestus
402 3944 488 4008 enim
503 3944 632 4021 flebiles,
657 3968 728 4010 cum
744 3946 874 4009 sibimet
889 3945 950 4028 ipsi
967 3948 1133 4011 consulere

52 4047 63 4111 i
87 4053 170 4124 suut,
195 4068 264 4109 sese
286 4046 507 4129 profuderunt.
552 4047 602 4123 29,
626 4048 677 4128 37,
704 4049 835 4111 10111111
861 4085 897 4094 -
923 4054 1052 4112 ventum
1076 4057 1135 4119 est,

52 4149 89 4213 it.
133 4148 184 4226 30,
207 4148 258 4225 44,
283 4148 300 4209 ”l
324 4152 398 4212 lonc
419 4147 510 4212 flesse
533 4147 653 4227 decuit,
678 4169 750 4212 cum
773 4148 922 4232 adempta
943 4154 1020 4212 sunt
1041 4142 1135 4213 nobis

52 4272 84 4312 a.
130 4250 182 4325 34,
207 4249 281 4362 3δῖ
306 4248 361 4312 sed
383 4255 490 4313 tamen
515 4271 586 4313 cum
608 4250 669 4314 fuit
691 4250 773 4332 („als
796 4249 852 4313 der
873 4248 944 4312 Fall
968 4249 1135 4335 eiutrat“),

52 4351 129 4415 estis
153 4350 224 4415 hoc.
269 4351 322 4432 45,
344 4351 396 4432 34,
423 4352 461 4414 10
483 4373 553 4415 cum
579 4350 657 4415 haec
683 4389 718 4398 -
744 4355 836 4434 geste
858 4356 948 4433 sunt,
971 4351 1070 4435 legati
1096 4392 1131 4400 -

52 4454 154 4518 hsiam
177 4455 403 4537 pervenerunt.
448 4453 505 4535 45,
538 4453 592 4536 12,
624 4455 664 4518 10
686 4461 758 4518 cum
787 4447 967 4538 legionibus
997 4452 1037 4517 ed
1061 4476 1133 4519 con-
