2888 5070
697 315 925 379 -276-

326 466 506 531 Iniuriam:
552 469 716 551 August.
741 467 801 531 civ.
825 467 885 530 Dei
917 467 970 549 19,
1001 466 1041 530 21
1072 466 1230 530 iniustum
1263 487 1330 530 esse
1355 472 1383 531 ut
1424 464 1426 498 ²

246 567 391 631 homines
412 568 596 632 hominibus
619 568 854 632 dominantibus
878 570 1029 632 serviant.

325 669 579 752 Iatcprumnur
607 672 684 734 nwei
713 669 778 735 Mal
806 670 857 733 bei
888 669 1045 734 Cicero:
1074 693 1105 753 p.
1130 668 1215 733 Mur.
1240 669 1276 750 4,
1301 669 1382 733 Sne
1430 726 1431 730 ,

244 792 304 854 que
327 772 411 835 enirn
436 772 500 834 iam
522 769 601 848 mihi
626 771 702 835 licet
723 794 827 856 neque
849 776 899 836 est
920 773 1082 856 integrum
1107 771 1328 856 (magliam)
1354 778 1383 834 ut

240 894 346 936 meum
368 873 512 938 laborem
533 874 699 937 hominum
721 873 872 959 periculis
894 861 1181 938 sublevandis'non
1198 873 1381 956 impertiam.

239 975 332 1040 Tusa.
355 976 391 1059 5,
415 976 471 1056 21,
501 976 542 1040 62
575 980 670 1058 utque
703 975 731 1039 ei
761 996 800 1038 ne
828 977 989 1060 integrum
1023 975 1151 1059 quidem
1184 979 1255 1039 erat
1288 982 1324 1038 ut
1349 976 1382 1038 ad
1431 1039 1432 1042 ,

239 1077 395 1141 iustitiam
418 1079 619 1163 remigraret.

324 1172 523 1247 Inusitatam
549 1201 610 1243 nur
639 1178 716 1244 Cic.
747 1179 811 1263 leg.
840 1178 925 1245 Mau.
953 1180 1010 1263 21,
1040 1181 1078 1243 61
1109 1179 1185 1263 quid
1213 1184 1281 1244 tam
1309 1181 1379 1243 inus.

238 1303 332 1365 quam
355 1285 391 1345 ut
413 1304 507 1366 eques
523 1281 561 1351 R.
578 1279 618 1345 ud
635 1281 752 1344 bellum
770 1303 884 1364 —pro
907 1281 1038 1345 consule
1060 1282 1255 1345 mitteretur.
1286 1281 1378 1346 Offen-

241 1384 299 1446 bar
321 1383 376 1447 der
391 1382 651 1467 Abwcchselung
672 1403 800 1467 wegen,
824 1382 865 1445 da
887 1381 944 1446 das
967 1405 1070 1467 gaure
1086 1382 1213 1467 Capite]
1235 1406 1292 1447 aus
1312 1385 1377 1446 mn·

238 1484 345 1549 lichen
365 1485 398 1548 in
414 1484 604 1570 Frageform
620 1485 811 1568 eingeleiten
830 1483 983 1548 Periodeu
1002 1484 1139 1567 besteht‚
1164 1485 1269 1549 denen
1286 1490 1376 1548 zuerst

239 1587 478 1664 lnfinitivsttze,
492 1587 576 1650 daun
595 1587 671 1650 aber
683 1585 763 1650 auch
780 1586 846 1651 drei
858 1586 1132 1652 Substantivsiitee
1148 1588 1208 1650 mit
1224 1593 1257 1652 at
1271 1586 1373 1670 fulgen.
1424 1605 1425 1612 ¹

323 1690 554 1773 Muprrificam,
578 1688 732 1752 ebenfalls
765 1710 826 1752 nur
859 1712 901 1754 an
930 1690 1018 1754 einer
1046 1688 1145 1753 Stella
1175 1690 1231 1752 des
1259 1688 1370 1752 Cicero:

239 1791 277 1855 de
300 1791 361 1855 div.
386 1792 423 1873 2,
447 1792 482 1874 2,
504 1792 525 1855 5
553 1791 758 1875 magnificum
785 1790 863 1855 illud
893 1791 988 1855 etiam
1011 1789 1229 1874 Romanisque
1250 1789 1367 1854 homini·

241 1894 299 1957 bus
319 1894 491 1972 plurimum
513 1896 550 1956 ut
573 1892 703 1956 Graecis
726 1891 764 1955 dc
792 1892 994 1976 philosophie
1023 1893 1138 1957 litteris
1167 1914 1234 1956 non
1260 1894 1363 1975 egeant.

323 1995 455 2060 Maias:
478 1993 551 2059 Cic.
575 1994 613 2058 de
636 2016 683 2058 or.
705 1993 726 2056 2
755 1997 775 2075 ξ
801 1995 860 2058 178
887 1993 969 2058 nihil
993 1999 1042 2059 est
1068 1995 1102 2058 in
1130 1994 1263 2059 dicendo
1283 1994 1363 2056 maius

241 2119 335 2180 quam
359 2099 396 2159 ut
417 2095 523 2160 faveat
545 2097 664 2160 oratori
687 2095 714 2159 is
737 2099 793 2160 ctt.
817 2095 1067 2182 („wiehtiger‘¹).

324 2198 445 2263 Melias
467 2220 530 2262 nur
552 2198 603 2262 bei
616 2197 748 2262 Plautus
771 2197 836 2262 und
859 2200 902 2263 im
919 2198 1108 2283 Spfitlatein.
1139 2197 1243 2262 Pleut.
1258 2197 1325 2260 Rud.
1339 2196 1357 2267 1,

237 2302 268 2384 4,
306 2303 322 2363 1
357 2300 433 2383 quid
456 2299 536 2363 mihi
557 2300 689 2381 melius,
719 2299 794 2383 quid
825 2302 929 2385 magis
957 2302 991 2363 in
1015 2304 1114 2364 remst
1136 2321 1231 2382 quam
1254 2298 1365 2379 corpore
1417 2374 1418 2379 η

238 2403 338 2466 vitam
361 2406 398 2465 ut
420 2401 603 2466 secludam?
647 2403 682 2480 2,
705 2402 741 2484 2,
764 2402 806 2466 22
829 2423 914 2466 nunc
936 2402 1012 2485 quid
1035 2401 1115 2464 mihi
1137 2401 1263 2465 meliust
1287 2417 1356 2482 quam

238 2504 324 2568 illico
352 2503 406 2568 hia
434 2510 472 2568 ut
500 2525 588 2566 erum
617 2504 767 2586 opperiar
794 2504 868 2568 dum
891 2502 1019 2567 veniat?
1065 2502 1141 2582 Aul.
1165 2505 1193 2584 1,
1219 2507 1243 2581 1,
1265 2501 1300 2566 38
1317 2520 1355 2561 ne·

238 2628 299 2689 que
321 2606 493 2689 quidquem
516 2604 646 2668 meliust
667 2605 806 2669 mihi-
830 2627 924 2690 quem
953 2609 989 2669 ut
1016 2608 1071 2668 ctt.
1097 2643 1135 2651 -
1160 2603 1247 2668 Lam
1256 2624 1299 2686 pr.
1318 2597 1353 2662 ll.

237 2707 309 2772 Sev.
333 2708 375 2771 49
402 2707 566 2791 rescripsit
593 2709 707 2772 melius
736 2731 803 2772 esse
831 2712 867 2772 ut
893 2707 1177 2791 quomodocunque
1205 2706 1266 2768 illic
1292 2703 1354 2766 lleus

238 2810 361 2874 colatur
384 2832 479 2894 quam
502 2809 677 2892 popinariis
700 2811 833 2874 dedatur
854 2811 982 2894 (locus).
1011 2807 1086 2892 Vgl.
1103 2813 1202 2872 unten
1225 2809 1355 2890 optimam.
1414 2810 1422 2875 ²]

323 2912 532 2979 Memorabile
555 2936 579 2978 s.
603 2914 685 2977 oben
708 2913 860 2978 credibile.

322 3013 466 3079 Mirum:
510 3015 638 3079 Plaut.
661 3012 759 3079 Merc.
783 3014 846 3078 240
874 3013 953 3077 mihi
982 3012 1060 3077 illud
1087 3012 1189 3077 videri
1210 3013 1314 3077 mirum
1332 3002 1358 3063 ut
1429 3039 1430 3042 ¹

239 3154 277 3163 -
300 3115 526 3181 ambedederit.
571 3116 648 3183 llic.
673 3116 735 3180 div.
764 3118 798 3199 2,
826 3118 884 3199 31,
913 3116 955 3180 66
977 3114 1032 3178 sed
1055 3119 1091 3178 ut
1118 3115 1152 3178 in
1176 3115 1263 3179 cunis
1284 3101 1361 3174 fuerit
1436 3115 1439 3148 ³

236 3219 363 3303 anguis,
386 3240 451 3283 non
473 3223 542 3294 tam
564 3223 613 3283 est
634 3219 759 3283 mirum.
804 3217 878 3302 vgl.
903 3217 986 3281 oben
1006 3217 1137 3297 falsum.
1360 3297 1364 3308 Ι
1441 3215 1442 3218 ’

321 3320 481 3385 Miseram
502 3343 563 3385 nur
585 3321 637 3384 bei
660 3319 785 3404 Spart.
811 3318 899 3383 Pcec.
917 3320 937 3382 3
960 3319 1111 3382 miserum
1134 3323 1183 3383 est
1205 3321 1241 3381 ut
1260 3312 1367 3380 imittm

237 3421 303 3486 eius
327 3421 529 3505 disciplinam
552 3423 722 3487 militarem
744 3443 809 3485 non
832 3421 1000 3505 possimus.
1042 3442 1048 3455 ·

321 3523 464 3588 Multum
486 3529 535 3589 est
557 3528 593 3588 ut
617 3562 652 3572 -
677 3528 893 3608 praeponatur
917 3525 1081 3605 August.
1107 3521 1166 3585 civ.
1191 3520 1230 3585 D.
1252 3521 1281 3601 6,
1303 3514 1344 3576 4·

320 3624 479 3691 Naturale
500 3649 560 3691 nur
582 3625 682 3690 Plin.
710 3647 741 3688 n.
770 3623 802 3688 h.
840 3627 886 3702 11,
918 3624 978 3688 144
1003 3623 1162 3707 plerisque
1190 3645 1263 3687 vero
1288 3644 1329 3685 n·
1355 3602 1389 3664 ut

236 3727 353 3791 nictari
375 3749 441 3792 non
464 3732 598 3793 cessent.

321 3824 477 3894 Novum?
509 3829 585 3895 Cic.
611 3828 700 3894 Verr.
723 3831 753 3914 5,
775 3831 805 3910 6,
831 3829 870 3893 13
892 3827 953 3893 hoc
975 3849 1049 3892 vcro
1072 3850 1190 3892 novum
1214 3833 1261 3892 est
1284 3857 1324 3872 κ
1361 3806 1401 3865 ut

236 3931 383 3994 homines
405 3953 513 3996 servos
537 3971 575 3981 -
599 3932 765 3997 dimiserit.

321 4032 499 4114 Optimam:
543 4034 621 4100 Cic.
645 4036 700 4107 fin.
723 4036 753 4116 2,
776 4036 796 4099 3
818 4038 887 4098 tum
911 4034 964 4097 ille
986 4032 1110 4097 ridens:
1139 4032 1202 4096 hoc
1224 4053 1306 4110 vero,
1334 4017 1401 4079 5¹¹⁰

235 4135 320 4218 quit,
350 4136 566 4217 optimumut
586 4137 613 4200 is
637 4175 675 4183 —
699 4136 731 4199 id
754 4135 858 4219 ipsum
882 4135 957 4218 quid
980 4140 1012 4198 et
1034 4136 1128 4217 quale
1151 4137 1211 4216 sit,
1242 4103 1398 4195 nesciat!

235 4238 316 4321 (Das
339 4237 505 4301 liedeutet:
541 4242 595 4322 qui
616 4239 684 4302 fieri
707 4241 813 4321 potest
835 4238 896 4322 ut.)
941 4235 1073 4319 Madvig
1095 4236 1186 4319 giebt
1206 4236 1282 4297 dazu
1303 4223 1393 4289 eine

234 4338 427 4422 Erklitrung.
451 4377 491 4385 -
515 4339 613 4403 Gell.
636 4339 737 4424 praef.
764 4341 803 4404 19
825 4342 885 4403 erit
908 4342 1015 4403 autem
1045 4337 1077 4401 id
1107 4338 1201 4420 longe
1222 4332 1382 4419 optimum

234 4447 270 4505 ut
291 4480 332 4489 —
356 4441 474 4503 abeunt
495 4462 514 4503 a
534 4439 692 4505 Noctibus
714 4441 764 4504 his
786 4441 906 4525 procul.
