3024 5070
555 335 784 399 -677-

101 505 209 570 gang
245 486 285 548 in
322 486 386 551 die
420 487 580 551 causale
614 486 852 570 Bedeutung
881 486 1074 551 beobachtet
1101 486 1243 551 werden:

101 585 207 650 Tria.
236 587 273 651 14
295 611 328 672 q.
352 589 397 670 ei,
426 589 478 671 qui
504 591 558 668 (=
580 589 657 671 quo)
686 608 736 650 me
764 587 877 665 aleret,
907 589 954 652 nil
981 589 1072 652 video
1101 609 1170 652 esse
1196 610 1243 653 re

101 685 192 764 licui,
228 687 299 752 dedi
328 690 357 753 ei
386 710 489 752 meam
517 692 661 773 gnatam.
684 711 713 752 v.
746 689 814 754 112.
858 688 974 756 Bacch.
999 689 1242 754 29011111292.

12 859 16 863 .
103 788 192 853 Asin.
218 791 288 853 711.
334 789 399 853 Fur
422 790 541 853 unecht
563 790 825 873 giltcapt.490.
870 789 908 853 In
937 791 1005 854 rein
1039 792 1242 855 causalem

102 888 202 954 Sinne
230 892 310 955 wird
339 892 389 955 die
424 891 565 955 Partikel
603 891 701 954 sehon
736 912 793 953 aus
832 889 984 955 Ennius
1018 892 1119 971 citirt,
1156 893 1240 956 daun

102 989 233 1059 Plaut.
257 993 376 1076 Amph.
401 994 463 1057 835
484 1015 560 1056 vera
582 993 667 1074 dico,
696 996 746 1055 set
767 992 976 1075 nequiquam,
1004 994 1154 1077 quoniam
1176 1016 1242 1058 uon

102 1093 148 1155 vis
181 1095 317 1159 credere.
369 1095 469 1159 Stich.
498 1095 562 1159 483
590 1095 634 1159 sic
662 1116 693 1177 q.
723 1094 769 1157 nil
802 1095 967 1177 processit,
1001 1095 1103 1178 igitur
1135 1096 1242 1158 adiero

100 1195 258 1277 apertiore
280 1197 383 1280 magis
407 1196 464 1259 via.
509 1195 591 1259 Eine
615 1195 717 1279 Frage
741 1195 911 1279 bejaheud:
945 1217 972 1258 v.
988 1196 1046 1259 471
1067 1198 1182 1259 cenent
1196 1196 1243 1261 illi

101 1295 184 1378 apud
207 1299 261 1361 te?
279 1300 290 1382 ΙΙ
306 1297 461 1373 Quoniam
485 1298 590 1361 salvos
614 1298 755 1361 advenis.
772 1336 811 1344 —
828 1297 918 1361 Asia.
936 1297 1005 1361 161.
1040 1296 1123 1360 Ter.
1143 1298 1241 1363 Andr.

99 1397 162 1460 305
185 1419 316 1480 quaeso,
350 1399 500 1483 quoniam
531 1419 596 1462 nou
626 1402 731 1481 potest
758 1398 790 1462 id
818 1398 885 1463 ficri
910 1399 1079 1482 quodvis,
1110 1398 1141 1462 id
1164 1399 1243 1463 velis

100 1498 184 1581 quod
205 1501 316 1582 possit.

185 1599 292 1666 Schon
323 1604 357 1666 iu
387 1603 495 1666 diesen
525 1600 645 1665 Stellen
674 1586 856 1683 zeigt‘sioh
885 1601 936 1665 die
971 1602 1243 1685 eigenthiimliche

101 1701 291 1786 Bedeutuug
313 1703 368 1766 des
391 1703 534 1783 Wortes3
558 1723 591 1765 es
612 1701 703 1765 fllhrt
724 1703 797 1765 deu
814 1702 926 1766 Grund
949 1703 1078 1791 au,'der
1101 1704 1148 1767 als
1171 1704 1243 1768 dem

102 1804 326 1886 Angeredeten
349 1804 528 1868 bekannt
550 1806 791 1886 vorausgesetzt
813 1803 907 1867 wird:
931 1802 992 1880 „da
1008 1825 1075 1867 nun
1091 1806 1242 1870 'einmal“.

100 1898 208 1969 Diese'
231 1906 529 1988 Grundbcdeutung
557 1891 657 1968 bleibt
687 1903 825 1968 dieselbe
853 1905 917 1968 und
952 1905 1142 1970 verdunkelt
1175 1906 1242 1971 sich

101 2028 162 2069 nur
185 2008 236 2071 bei
259 2008 443 2072 schlechten
468 2005 660 2069 Prosailrern
683 2004 747 2067 und
772 2006 856 2069 daun
880 2006 913 2068 in
937 2008 1043 2088 spiter
1066 2005 1142 2070 Zeit.

186 2108 255 2173 Scit
278 2109 414 2174 Cicero
438 2109 562 2172 kommt
584 2107 635 2171 die
657 2106 800 2171 Partikel
823 2106 913 2170 mehr
928 2107 961 2170 iu
978 2106 1166 2191 Gebrauch3
1190 2108 1242 2172 die

101 2211 275 2294 temporale
300 2210 491 2294 Bedeutung
513 2207 746 2272 verschwindet
767 2229 802 2271 so
825 2208 899 2272 sehr
925 2230 982 2272 aus
1009 2209 1080 2272 dem
1104 2209 1241 2294 Sprach-

105 2312 324 2390 beaussaein,
348 2311 419 2375 dass
441 2313 508 2375 ium
530 2310 743 2394 hinzugefllgt
764 2310 890 2373 werden
914 2310 1018 2373 kann:
1042 2309 1119 2375 Cic.
1145 2311 1240 2378 Catil.

101 2413 131 2490 3,
158 2413 197 2475 12
220 2413 371 2495 quoniam
395 2413 457 2475 iam
480 2434 543 2474 nox
566 2416 623 2479 est.
668 2410 714 2475 lm
739 2409 903 2495 Uebrigen
925 2416 1050 2496 geuhgt
1072 2413 1143 2476 eine
1160 2416 1240 2477 Aus-

101 2512 184 2575 wahl
207 2534 270 2575 von
295 2498 451 2596 Beltgcn:
475 2512 567 2581 Tusc.
590 2516 621 2596 5,
645 2513 684 2576 21
709 2534 738 2596 q.
762 2512 840 2576 haec
862 2516 893 2575 te
917 2512 982 2576 vita
1004 2512 1150 2577 delectat.
1184 2514 1239 2578 fin.
1298 2519 1300 2522 ⁴

98 2614 130 2698 4,
153 2613 194 2678 28
216 2635 247 2698 q.
272 2615 513 2698 advesperascit.
558 2638 590 2698 p.
620 2614 729 2677 Plane.
758 2613 813 2691 33,
845 2614 887 2677 82
916 2635 946 2697 q.
977 2615 1021 2678 ita
1049 2618 1084 2677 tu
1112 2614 1176 2697 vis,
1204 2654 1237 2664 -

100 2716 283 2779 concedam.
331 2715 391 2779 Mit
411 2714 675 2800 hiazugefllgtem
699 2717 842 2796 quidem:
864 2713 958 2778 Rosa.
976 2715 1047 2778 hm.
1072 2717 1121 2797 11,
1144 2717 1183 2779 31
1208 2738 1239 2798 q.

98 2817 225 2900 quidem
249 2817 348 2881 semel
370 2817 509 2898 suscepi,
532 2855 573 2864 -
595 2839 775 2881 succurram
798 2821 891 2899 atquc
915 2816 1037 2880 suhiho.
1083 2815 1174 2881 Verr.
1198 2817 1240 2902 ΙΙ,

100 2919 233 2999 1ξ61).
279 2917 372 2986 Tusc.
405 2920 425 2980 3
455 2922 474 2999 ξ
504 2919 545 2982 66
573 2941 602 3003 q.
633 2917 759 3003 quidem
792 2940 842 2981 res
872 2918 906 2981 iu
939 2922 1049 2982 nostra
1079 2922 1240 3002 potestate

98 3023 156 3083 est.
199 3021 262 3101 ὃς
288 3021 346 3084 117
370 3023 479 3104 portus
502 3019 588 3082 enim
617 3026 744 3101 praesto
772 3023 834 3099 est,
868 3041 897 3102 q.
921 3019 1049 3103 quidem
1077 3042 1162 3084 mors
1191 3024 1239 3084 est

97 3124 262 3184 aeternum
285 3120 367 3184 nihil
390 3119 549 3183 sentiendi
572 3120 818 3204 receptaculum.
848 3141 878 3201 p.
902 3118 997 3184 domo
1014 3126 1034 3200 ξ
1054 3122 1122 3184 110.
1148 3121 1239 3185 Auch

99 3222 192 3286 Sall.
217 3221 288 3286 Cat.
311 3223 363 3300 31,
386 3223 416 3285 9.

184 3322 273 3387 Beim
301 3324 511 3406 Uebergange
534 3315 572 3385 uu
601 3322 704 3386 ciuem
739 3343 843 3386 neuen
872 3321 1061 3385 Abschnitt:
1106 3322 1181 3387 (lic.
1206 3325 1238 3387 in

98 3424 215 3490 Caecil.
240 3429 260 3505 ξ
285 3426 325 3489 10
346 3446 441 3507 nuuc,
464 3424 615 3507 quoniam
631 3463 670 3472 -
692 3423 918 3503 demonstravi,
942 3422 1110 3487 dicendum
1133 3446 1238 3488 neces-

99 3527 184 3589 sario
207 3530 257 3590 est
279 3527 317 3590 de
341 3531 395 3590 ctt.
440 3528 509 3589 Att.
533 3525 569 3607 6,
591 3526 627 3606 2,
651 3527 680 3590 3.
724 3523 930 3590 Nameutlich
953 3546 1008 3588 zur
1029 3524 1239 3610 Einfflhruag

98 3628 185 3691 einer
217 3627 470 3711 Digression:
515 3625 621 3691 Caes.
656 3628 685 3691 b.
715 3649 747 3711 g.
775 3629 810 3705 6,
843 3630 876 3690 11
903 3649 933 3710 q.
963 3628 1000 3691 ad
1025 3625 1111 3691 hunc
1133 3626 1238 3692 locum

97 3732 287 3813 perventum
310 3734 360 3792 est
381 3732 437 3792 ctt.
482 3727 576 3791 Sall.
607 3727 676 3793 Cat.
699 3730 729 3807 5,
753 3728 773 3791 9
794 3749 844 3791 res
867 3730 937 3812 ipsa
960 3728 1082 3792 hortari
1105 3728 1238 3812 videtur,

98 3853 129 3915 q.
163 3828 201 3893 de
235 3830 375 3893 moribus
409 3829 548 3892 civitatis
580 3833 706 3913 tempus
738 3829 918 3912 admonuit,
955 3852 1051 3913 supra
1083 3834 1236 3913 repetere.

98 3932 216 4014 53,9.
259 3929 414 4015 laq-19,
437 3931 466 3999 2.
511 3932 566 4008 30,
590 3934 619 3994 4.
664 3930 718 4013 79,
745 3935 769 3994 l.
820 3931 878 4013 95,
900 3931 929 3994 2.
984 3930 1058 3995 Und
1091 3952 1127 3995 so
1155 3931 1239 3996 noch

96 4033 196 4097 Just.
220 4034 249 4112 2,
272 4035 301 4110 6,
329 4035 342 4094 1
368 4053 464 4112 nunc,
488 4053 518 4115 q.
542 4032 580 4096 ad
603 4032 687 4095 bella
712 4031 956 4096 Atheniensium
979 4036 1109 4096 ventum
1132 4037 1182 4096 est
1198 4070 1236 4081 —-
1307 4031 1311 4039 ’

99 4136 208 4217 paucis
231 4134 318 4197 urbis
341 4133 432 4217 origo
454 4133 627 4216 repetenda
649 4139 706 4200 est.

183 4239 249 4298 Aus
272 4235 410 4299 Livius
437 4239 562 4319 genhgt
584 4236 636 4300 ein
663 4235 979 4301 charakteristisches
1001 4234 1147 4299 Dictum:
1186 4237 1237 4316 30,

97 4340 137 4402 31
163 4337 277 4400 bellum
301 4341 422 4421 parate,
446 4358 475 4420 q.
500 4358 609 4419 pacem
633 4337 698 4420 pati
723 4358 787 4400 non
810 4338 968 4421 potuistis,

184 4437 398 4502 Abweicheud
422 4439 465 4502 im
482 4438 668 4502 (lebrauche
691 4438 746 4501 der
761 4437 900 4501 Partikel
916 4438 988 4502 sind
1003 4460 1069 4502 nun
1088 4438 1237 4523 folgende
