3000 5054
576 363 804 427 ..851-

116 515 246 602 standig
275 516 449 597 machte“).
493 514 648 599 H‘aufiger
676 515 731 580 das
754 514 966 598 Gerundium3
995 538 1020 578 s.
1043 516 1126 580 oben
1149 516 1205 579 Nr.
1231 518 1260 598 1,

117 618 221 682 aund
245 618 276 681 b.

202 718 317 800 §600.
362 715 424 782 Mit
446 717 784 802 Praepositionen
814 719 940 783 werden
969 718 1167 783 Gerundium
1194 720 1260 783 und

118 819 336 884 Gerundivum
364 820 408 883 im
431 819 542 884 alten
563 819 677 884 Latein
703 820 796 885 nicht
823 820 933 904 hsiufig
954 816 1159 903 verbunden,
1191 843 1261 886 aus-

117 942 308 1006 genommen
331 922 390 984 mit
412 923 470 1003 od,
499 920 634 986 welches
657 922 779 986 iiberall
801 922 1003 999 vorkommt,
1027 923 1109 986 auch
1132 922 1181 985 oft
1202 925 1262 987 mit

117 1025 153 1087 ia
176 1045 201 1087 c.
225 1023 378 1087 ablativo:
401 1023 581 1087 ausserdem
604 1045 666 1087 nur
688 1024 748 1088 mit
768 1026 866 1103 inter,
889 1025 946 1106 ob,
970 1025 1022 1105 de,
1047 1045 1085 1089 ca
1105 1026 1170 1089 und
1188 1047 1261 1108 pro,

58 1188 65 1199 ,
117 1125 193 1188 aber
226 1125 286 1188 mit·
323 1125 431 1188 diesen
464 1147 525 1189 nur
561 1126 679 1190 seiten:
717 1126 869 1189 Ennius
902 1125 943 1187 fr.
976 1126 1038 1190 inc.
1072 1125 1093 1188 l.
1128 1127 1148 1187 2
1181 1129 1262 1192 inter

117 1227 309 1310 ponendum.
353 1225 481 1290 Plaut.
503 1225 580 1292 Cist.
603 1229 633 1306 4,
657 1228 686 1307 2,
709 1228 751 1292 55
773 1229 857 1292 inter
886 1248 955 1290 rem
977 1225 1132 1310 agendam
1158 1228 1261 1292 istum.

118 1329 214 1393 Cato
243 1351 294 1411 ap.
323 1327 405 1391 Geli.
435 1329 465 1407 7,
492 1330 523 1410 3,
553 1330 593 1393 14
622 1331 778 1394 secundas
813 1350 863 1394 res
891 1327 1014 1392 laetitia
1044 1334 1262 1396 transvorsum

118 1431 244 1494 trudere
278 1431 384 1494 solent
418 1453 440 1496 a
468 1434 554 1494 recta
588 1431 784 1517 consulendo
817 1434 912 1515 atque
946 1430 1167 1514 intelligendo.
1213 1431 1261 1495 ld.

119 1554 169 1616 ap.
194 1531 283 1597 Jord.
306 1554 336 1615 p.
361 1531 412 1614 78,
437 1533 464 1594 6'
479 1553 516 1597 eu
537 1532 778 1598 medicamentis
801 1531 955 1596 bibendis.
1002 1531 1086 1597 Ter.
1111 1533 1171 1596 Ad.
1197 1533 1260 1597 988

118 1655 156 1697 ex
179 1632 385 1715 adsentando,
407 1633 602 1719 indulgendo
626 1639 658 1699 et
680 1634 855 1720 largiendo.
900 1632 983 1701 Eun.
1008 1634 1072 1697 784
1093 1633 1261 1698 consilium

118 1734 196 1799 illud
223 1737 377 1800 rectumst
406 1737 442 1800 dc
468 1736 672 1801 occludendis
701 1735 843 1800 aedibus.
888 1734 1011 1804 Plaut.
1041 1736 1112 1802 Aul.
1135 1738 1164 1816 3,
1189 1737 1219 1815 3,
1242 1738 1262 1801 8

113 1858 174 1918 pro
196 1835 385 1920 vapulando.
430 1836 528 1901 Persa
550 1838 612 1902 426
636 1859 693 1922 pro
715 1837 880 1902 liberanda
902 1839 1015 1903 amica.

205 1937 260 2002 Bei
289 1937 476 2004 Klassikern
510 1939 574 2003 und
604 1938 758 2024 Spiiteren
774 1934 835 2004 'ist
863 1941 907 2005 ad
932 1961 1014 2024 ganz
1047 1938 1261 2024 gewbhnlich,

118 2043 199 2104 eben
229 2062 264 2104 so
290 2042 326 2104 in
353 2042 413 2104 mit
442 2041 514 2105 dem
545 2041 673 2104 Ablativ
701 2042 756 2105 des
785 2040 981 2123 Gerundivs,
1015 2041 1118 2105 selten
1144 2040 1262 2124 jedoch

118 2141 178 2204 mit
206 2141 277 2205 dem
305 2143 360 2206 des
383 2141 610 2207 Gerundiums:
641 2143 716 2208 Cic.
740 2144 824 2228 legg.
852 2147 865 2205 l
891 2148 911 2225 8
933 2143 974 2208 33
1005 2147 1091 2207 recta
1118 2143 1200 2207 ratio
1227 2144 1262 2207 in

118 2243 256 2307 iubendo
285 2248 318 2308 et
347 2247 490 2309 vetando.
533 2244 585 2309 off.
619 2249 634 2308 l
664 2245 748 2326 §89
776 2246 823 2309 iro
851 2247 884 2308 in
913 2244 1084 2328 puniendo.
1130 2245 1263 2326 2864

111 2331 154 2408 in
177 2344 281 2409 dando
305 2331 490 2410 munificum
513 2367 592 2426 esso,
614 2346 648 2410 in
672 2347 828 2431 exigendo
845 2368 911 2411 non
928 2347 1086 2411 acerbum.
1126 2345 1165 2409 de
1180 2347 1262 2410 orr2

118 2449 138 2527 8
161 2447 223 2511 238
245 2448 279 2511 in
308 2447 442 2512 iocando
470 2448 655 2512 moderatio.
700 2448 776 2512 fam.
800 2447 829 2526 5,
857 2450 905 2530 12,
928 2449 949 2511 4
971 2468 1051 2529 qnae
1080 2448 1141 2511 etsi
1170 2447 1262 2511 nobis

119 2548 277 2631 optabiles
300 2549 334 2613 in
356 2548 549 2633 experiendo
571 2571 636 2613 non
658 2549 797 2630 fuerunt,
820 2551 853 2613 in
878 2547 1014 2633 legendo
1036 2554 1145 2612 tamen
1168 2554 1263 2612 erunt

119 2649 283 2715 iucundae.
313 2650 400 2715 Brut.
417 2655 437 2732 §
454 2652 495 2716 85
509 2655 546 2715 nt
559 2651 669 2717 faciles
685 2656 792 2717 essent
802 2652 837 2716 in
853 2673 944 2715 suum
957 2650 1070 2734 cuique
1084 2649 1261 2715 tribuendo.

119 2751 170 2815 off.
196 2754 212 2814 1
236 2755 257 2833 §
282 2753 320 2817 15
342 2753 376 2816 in
402 2792 438 2800 -—
463 2753 695 2839 tribuendoque
718 2776 811 2818 suum
833 2753 956 2837 cuique.
1001 2752 1055 2817 fin.
1078 2752 1099 2817 5
1121 2756 1141 2834 ξ
1164 2753 1204 2817 67
1228 2754 1262 2817 in

119 2875 175 2916 suo
199 2855 309 2938 cuique
337 2855 515 2924 tribuendo.
559 2856 651 2921 Eben
679 2879 714 2921 so
744 2857 803 2921 mit
830 2856 889 2922 ob:
922 2855 1007 2939 legg.
1032 2856 1059 2931 1,
1083 2854 1103 2918 6
1126 2876 1148 2919 a
1170 2877 1263 2920 suum

119 2955 232 3038 cuique
259 2956 429 3019 tribuendo
461 2958 666 3040 appellatum.
710 2959 805 3023 Tuso.
829 2960 860 3039 3,
889 2958 910 3020 9
938 2978 957 3019 a
983 2956 1079 3020 nimis
1107 2957 1261 3020 intuendo

21 3098 24 3103 «
118 3055 280 3118 fortunam
309 3056 449 3121 alterius.
486 3057 569 3122 ·Und
592 3079 675 3144 ganz
703 3061 762 3122 wie
786 3059 839 3122 ein
861 3057 1011 3122 Partis.
1040 3079 1165 3140 praes.
1188 3058 1264 3120 oder

118 3158 187 3220 wie¹
201 3158 253 3221 ein
274 3157 507 3223 franzbsisches
520 3159 692 3224 Gerondif:
715 3182 745 3225 n.
762 3159 791 3223 d.
808 3161 828 3222 2
844 3162 864 3240 §
882 3161 918 3222 ll
942 3158 1027 3242 quod
1049 3160 1085 3222 io
1107 3160 1263 3224 redeundo

119 3259 277 3343 auspicari
305 3262 389 3322 esset
417 3260 539 3324 solitus.
585 3260 677 3325 Eben
707 3283 742 3325 so
766 3259 866 3324 Bell.
891 3260 947 3323 Af
951 3281 976 3324 r.
1000 3259 1042 3323 82
1063 3261 1098 3324 in
1129 3260 1262 3323 circum-

119 3360 223 3424 eundo
246 3361 417 3425 exereitum
446 3362 682 3427 animadvertit.
727 3360 822 3426 sall.
846 3361 915 3428 cat.
938 3361 990 3439 52,
1012 3362 1052 3425 21
1076 3363 1201 3425 animus
1228 3363 1262 3426 iu

120 3462 319 3527 consulundo
347 3462 437 3527 liber.
482 3465 556 3548 Jug.
582 3465 612 3547 6,
644 3467 658 3528 1
691 3464 841 3549 pleraque
875 3468 1020 3548 tempora
1054 3462 1087 3527 in
1116 3465 1261 3528 venando

120 3584 223 3649 agere.
269 3563 342 3628 Wie
372 3563 501 3643 Cicero,
534 3571 609 3650 sagt
634 3565 742 3631 Suet.
773 3567 844 3632 Oct.
876 3567 918 3630 98
946 3565 1000 3629 sed
1034 3565 1068 3628 in
1101 3565 1261 3629 redeundo

119 3666 294 3730 succubuit.
318 3705 358 3713 ν-
381 3667 513 3743 Quint.
539 3669 588 3751 10,
616 3671 641 3752 1,
666 3669 726 3731 126
749 3669 874 3752 placere
896 3690 930 3732 se
957 3668 991 3731 in
1014 3667 1147 3731 dicendo
1170 3688 1262 3750 posse

119 3768 172 3850 iis,
200 3769 313 3852 quibus
339 3771 394 3832 ctt.
440 3769 691 3834 Alterthumlieh
720 3771 763 3833 ist
796 3769 881 3834 wohl
908 3769 1007 3834 Gell.
1035 3770 1067 3849 3,
1102 3771 1129 3847 7,
1161 3769 1201 3833 12
1229 3769 1262 3833 in

119 3869 333 3953 exspectando
354 3876 438 3936 suat.
475 3871 567 3936 Eben
590 3892 626 3935 so
649 3872 709 3935 mit
731 3871 910 3936 Gerundiv:
933 3871 963 3954 3,
988 3873 1016 3951 1,
1041 3871 1062 3933 4
1084 3870 1204 3934 iamdiu
1229 3871 1261 3934 in

120 3992 158 4035 eo
173 3971 243 4054 ipso
259 3971 440 4055 quaerendo
462 3971 518 4037 fui.
555 3972 701 4038 Ersteres
717 3973 796 4037 wird
817 3971 959 4036 niimlich
974 3971 1074 4035 achon
1090 3994 1146 4037 aus
1161 3971 1261 4035 Cato

119 4074 199 4158 orig.
222 4073 252 4151 4,
277 4074 295 4135 7
320 4074 423 4138 citirt:
446 4074 480 4138 in
503 4075 718 4159 exspectando
741 4079 824 4140 sunt.

206 4174 292 4238 Aber
320 4176 356 4239 in
383 4175 443 4239 mit
470 4177 541 4240 dem
568 4177 737 4241 Accusativ
759 4176 836 4241 fond
867 4176 920 4241 ich
942 4197 1004 4240 nur
1025 4175 1075 4238 bei
1099 4175 1175 4239 Cic.
1199 4174 1261 4261 leg.

120 4276 207 4341 Man.
237 4280 266 4358 ς,
285 4277 328 4340 49
356 4277 509 4343 dubitatis
543 4280 622 4362 quin
652 4278 713 4343 hoc
740 4317 778 4326 -
807 4279 842 4343 in
875 4299 973 4361 remp.
1008 4276 1262 4341 conservandam

121 4384 216 4463 atque
238 4379 497 4463 amplificandam
520 4381 714 4445 conferatis?
747 4381 847 4446 Sonat
868 4381 928 4444 mit
949 4380 1002 4443 od.
1044 4377 1199 4443 Unsioher
1220 4381 1263 4443 ist

121 4479 211 4545 Ovid.
235 4481 330 4546 Pont.
353 4483 383 4566 2,
409 4482 458 4559 10,
480 4483 531 4546 37.

988 4585 1043 4639 54*
