2956 5054
582 338 792 404 ..77-

93 498 172 562 und
195 498 290 561 ctiam
308 495 355 560 ‘in
379 493 562 559 demselbeu
585 492 680 558 Satce
702 490 829 575 steten,
858 491 938 556 doch
968 490 1069 556 findet
1096 490 1164 555 sich
1189 491 1255 555 dies

97 622 170 664 nur
191 599 243 663 bei
266 599 328 663 den
352 597 546 675 Komikern,
573 596 693 660 Lucrea
722 593 786 659 und
809 594 882 658 sehr
905 594 1008 658 selten
1030 594 1064 658 in
1088 593 1255 658 000111100-

100 702 231 766 siacher
259 701 369 765 Prosa.
421 697 607 763 Zahlreiche
634 695 758 761 Stellen
789 717 845 760 aus
874 695 1007 761 Plautus
1039 694 1105 761 und
1133 694 1256 761 Terenz

102 803 200 889 gicht
227 801 342 866 Holtze
370 800 413 878 ΙΙ,
441 799 505 865 340
532 800 577 884 fg.
611 799 675 863 und
709 820 793 862 awar
824 797 911 861 steht
943 799 1104 863 entweder
1137 819 1257 881 quoquc

104 908 205 970 ctiam
226 906 426 988 ungetrennt
447 902 524 966 oder
545 922 579 964 es
601 901 681 984 geht
701 902 796 965 etiam
820 900 934 963 vorauf
953 900 1018 964 und
1040 923 1074 964 es
1097 900 1182 986 folgt
1202 902 1256 964 ein

107 1006 222 1089 Wort,
253 1028 295 1070 an
325 1003 461 1069 welches
494 1002 563 1067 sich
591 1004 678 1066 daun
706 1010 828 1084 quoque
855 1002 1058 1066 anschliesst.
1082 1040 1124 1050 -
1148 1002 1255 1068 Lucr.

105 1110 141 1191 5,
165 1109 228 1173 518
259 1111 308 1173 est
340 1107 438 1171 etiam
471 1126 597 1189 quoque
625 1102 814 1188 (auffallend
848 1124 959 1188 wegen
993 1104 1049 1168 der
1079 1103 1256 1188 Stellung).

107 1213 179 1274 Ans
201 1214 346 1294 spiterer
361 1207 432 1272 Zeit
450 1208 556 1272 kenne
578 1206 631 1271 ich
653 1228 715 1271 nur
729 1205 814 1272 Sen.
837 1230 869 1273 n.
886 1230 917 1290 q.
945 1209 971 1288 l,
994 1207 1023 1286 3,
1047 1207 1135 1271 9sed
1160 1206 1257 1269 etiam

106 1314 145 1376 in
173 1312 224 1376 his
251 1332 388 1396 quoque.
432 1310 532 1378 Plin.
560 1310 600 1374 ad
621 1309 749 1374 Traian.
773 1310 815 1374 96
845 1310 900 1394 (91
924 1309 1010 1391 Keil)
1034 1312 1065 1390 ὅ.
1087 1308 1256 1393 liquidum

109 1418 190 1478 ante
213 1413 320 1499 plures
342 1434 455 1492 annos,
478 1433 543 1477 non
565 1432 660 1475 nemo
683 1411 780 1476 etiam
802 1415 877 1476 ante
900 1411 1017 1497 viginti
1041 1432 1177 1495 quoque.

195 1516 227 1579 4.
267 1514 488 1579 Archaistisch
518 1515 561 1578 ist
591 1534 631 1578 nc
659 1551 697 1561 —
726 1534 846 1595 quoque
878 1516 958 1578 statt
985 1534 1024 1577 ue
1053 1551 1093 1561 —
1115 1513 1266 1594 quidemr

111 1616 346 1701 Quadrigarius
373 1638 424 1701 ap.
448 1615 531 1684 Gell.
557 1616 604 1693 17,
633 1615 664 1698 2,
690 1615 728 1680 18
756 1637 826 1680 sese
854 1637 896 1679 ne
924 1615 956 1679 id
983 1636 1168 1698 quoque-
1193 1614 1258 1678 100-

113 1724 222 1783 turum
239 1739 318 1797 csse,
333 1719 479 1781 wordbsr
494 1716 616 1782 Gellius
631 1721 719 1801 segc:
735 1716 921 1802 infrequens
938 1716 1072 1781 nuncin
1088 1714 1256 1799 loquendo,

110 1821 166 1885 sed
190 1821 224 1884 in
247 1819 339 1884 libris
362 1823 502 1883 veterum
526 1819 762 1887 creberrimum.
800 1819 873 1886 Vou
897 1818 1019 1883 Gellius
1041 1818 1142 1882 selbst
1162 1818 1257 1882 uach-

108 1921 257 2007 geahmt:
291 1921 424 2003 -1,2,5
452 1942 489 1984 ac
519 1943 560 1985 ne
589 1921 653 1984 oris
683 1942 808 2005 quoquc
843 1923 877 1985 et
908 1921 1015 1985 vultus
1044 1921 1258 1988 serenitatem.

111 2027 161 2108 11,
184 2025 215 2102 5,
237 2024 259 2087 4
281 2045 318 2088 ac
339 2045 381 2088 ne
403 2022 510 2088 videre
532 2044 668 2106 quoque.

195 2128 226 2206 ξ.
248 2125 323 2189 320.
362 2124 441 2189 Dcm
464 2128 578 2209 sp‘aten
600 2123 713 2188 Latsin
737 2124 853 2208 gehdrt
874 2148 932 2189 au:
966 2147 1004 2191 ac
1024 2148 1065 2191 ne
1089 2165 1124 2174 -
1148 2128 1258 2194 sudem

109 2229 205 2309 (statt
237 2226 392 2310 quidem),
428 2225 572 2311 gebildet
605 2225 687 2289 nach
719 2247 783 2291 non
815 2228 926 2293 0011001
961 2228 1075 2310 „nicht
1106 2230 1258 2311 eiumal“,

109 2327 252 2392 welches
281 2327 381 2392 sehon
410 2329 472 2391 seit
494 2327 602 2393 Livius
635 2327 829 2394 vorkommt.
874 2328 931 2394 Ich
959 2329 1044 2394 finde
1068 2331 1160 2414 jeues
1183 2333 1260 2396 aber

106 2452 171 2494 nur
199 2429 251 2493 bei
279 2429 471 2514 Apulejus
499 2429 630 2511 10018,
657 2429 694 2492 16
723 2451 760 2495 ac
789 2453 830 2495 ne
858 2431 968 2516 procul
997 2433 1120 2501 saltem.
1165 2434 1194 2516 9,
1217 2432 1259 2498 32

110 2554 151 2597 00
173 2554 215 2596 ue
238 2533 338 2596 suetis
352 2532 474 2604 saltem
497 2531 634 2596 cibariis.
672 2530 775 2596 Daidr
797 2534 856 2597 mit
877 2555 950 2598 nec:
970 2533 1000 2614 4,
1023 2535 1066 2598 32
1088 2555 1147 2600 nec
1169 2537 1257 2619 quis·

109 2656 218 2719 quam,
243 2655 310 2697 nun
334 2654 399 2716 rex,
423 2653 490 2698 non
512 2633 629 2718 regius,
651 2654 712 2698 nec
734 2633 772 2698 de
794 2635 888 2718 plebe
909 2634 1033 2702 saltem.

253 2907 289 2974 B.
323 2908 629 2994 conospondirendo
652 2911 837 2996 copulative
860 2911 1120 2997 Verblndungen.

197 3054 228 3127 ξ.
251 3047 324 3116 321.
368 3047 430 3114 1110
463 3050 685 3135 gewdhnlichc
718 3051 812 3116 llorm
846 3052 902 3117 der
930 3052 1182 3135 Oorresponsiou
1218 3053 1262 3118 ist

111 3157 141 3215 ct
163 3190 205 3200 -
227 3157 256 3217 ct
287 3150 431 3234 „sowohl
461 3152 509 3216 als
543 3151 657 3217 auch“.
708 3153 761 3219 Sic
793 3152 895 3218 findet
926 3154 995 3218 sich
1029 3153 1261 3240 gleichmdssig

111 3257 146 3318 in
174 3255 262 3318 allen
283 3253 441 3317 Perioden
470 3255 526 3318 der
549 3253 724 3320 Litteratur
752 3255 817 3320 und
847 3255 1041 3320 beschrinkt
1068 3254 1137 3320 sich
1170 3254 1261 3320 nicht

112 3357 171 3419 aul
196 3357 273 3420 zwsi
297 3354 511 3440 Satzglieder,
541 3357 680 3422 sondern
711 3357 796 3422 kann
827 3358 936 3422 weiter
958 3356 1159 3440 ausgsdehnt
1182 3378 1260 3420 wer·

114 3459 192 3541 den3
225 3478 263 3522 so
293 3457 395 3522 achon
420 3457 470 3521 bei
486 3457 583 3522 Cato
606 3479 630 3522 r.
654 3481 679 3526 r.
703 3481 753 3543 cp.
776 3461 796 3523 3
819 3459 918 3523 atrei
946 3463 979 3521 01
1002 3458 1111 3521 virtuti
1134 3462 1168 3521 01
1189 3457 1260 3542 glo-

116 3561 183 3622 riae
204 3560 276 3624 erit.
322 3557 474 3623 Dreilach
504 3558 585 3623 auch
609 3559 689 3624 (lic.
712 3560 805 3626 Rusc.
837 3561 911 3625 Am.
935 3561 956 3623 5
978 3580 1040 3642 quo
1074 3558 1200 3623 facilius
1229 3565 1262 3624 et

115 3661 208 3725 huius
235 3660 377 3725 hominis
409 3661 666 3726 innocentissimi
694 3664 838 3727 miserias
871 3665 905 3726 et
936 3661 1066 3726 illorum
1099 3662 1261 3725 audaciam

116 3784 313 3848 cognoscere
335 3763 464 3845 possitis
486 3765 520 3827 01
541 3766 619 3846 reip.
635 3765 861 3830 calamitatem.
901 3762 1115 3847 Desgleichen
1137 3763 1176 3827 ad
1192 3767 1261 3833 Att.

118 3866 165 3948 12,
197 3866 230 3945 4,
263 3864 294 3929 2.
341 3864 380 3928 ad
408 3864 467 3939 110.
501 3865 539 3930 fr.
566 3867 597 3945 3,
625 3867 656 3948 9,
685 3868 702 3931 l
732 3867 786 3931 sed
821 3873 854 3932 et
884 3866 946 3950 ipsi
979 3886 1016 3929 ca
1044 3865 1201 3929 adibimus
1231 3872 1264 3931 et

116 3968 282 4031 mittemus
304 3970 337 4029 01
359 3966 592 4033 mandabimus.
637 3967 715 4033 Liv.
738 3969 790 4053 39,
812 3970 865 4052 40,
890 3969 919 4036 8.
958 3965 1065 4035 Cart.
1082 3968 1112 4048 8,
1138 3970 1185 4046 ll,
1212 3969 1261 4033 19.

117 4067 270 4132 Vierfach
295 4067 347 4130 bei
362 4067 442 4137 cie.
465 4091 496 4154 p.
514 4068 579 4134 Μ11.
607 4072 643 4134 11
661 4070 711 4134 sin
734 4071 795 4135 hoc
817 4076 850 4135 et
872 4070 955 4135 ratio
977 4069 1077 4133 doctis
1100 4074 1134 4133 01
1154 4090 1262 4134 neces·

117 4171 193 4234 sitas
217 4169 364 4234 barbaris
387 4173 420 4232 01
440 4192 509 4235 mos
532 4172 685 4256 gentibus
707 4176 741 4236 et
762 4173 839 4237 feris
861 4177 978 4237 natura
1000 4173 1071 4255 ipsa
1085 4173 1263 4255 praescrip·

116 4273 169 4336 sit.
213 4268 392 4337 Sechsfach
418 4272 457 4336 ad
484 4273 560 4338 fam.
586 4274 633 4357 13,
655 4275 697 4338 25
720 4296 791 4340 eum
820 4274 880 4339 tibi
910 4294 1027 4358 magno
1055 4293 1150 4356 opere
1179 4294 1264 4337 com·

118 4375 232 4438 mendo
255 4376 294 4435 ut
317 4374 350 4434 01
372 4373 527 4458 hospitem
549 4397 656 4439 meum
685 4382 719 4441 01
740 4377 932 4441 familiarem
955 4379 988 4439 01
1013 4378 1141 4459 gratum
1165 4375 1264 4438 homi·

118 4497 189 4540 uem
225 4478 260 4538 et
296 4474 399 4538 virum
433 4476 549 4542 bouum
586 4481 620 4542 et
652 4478 830 4564 principem
866 4477 1007 4542 civitatis
1038 4497 1113 4541 suae
1148 4482 1181 4541 et
1211 4481 1268 4541 tua
