2956 5054
540 260 767 322 -107-

165 414 199 499 h)
240 413 304 476 Das
328 415 413 477 erste
437 411 528 476 Glied
552 411 606 475 ist
628 412 810 496 negatis,
834 413 890 476 das
917 415 1028 478 zweite
1051 415 1225 498 positive

63 511 157 579 Cic.
181 538 212 599 p.
238 514 342 578 Balbo
375 517 414 577 111
442 534 507 577 non
536 513 629 578 modo
658 514 745 595 audo
779 518 945 598 proposito
981 518 1137 599 praemio,
1174 519 1229 581 scd

56 619 172 681 dium
194 616 380 680 interdicto.
425 614 508 678 Phil.
532 617 569 692 3,
597 615 798 680 diudicetur
828 655 865 663 -
894 638 960 680 non
988 639 1030 681 m.
1060 639 1125 683 rwn
1151 640 1227 682 con-

58 718 142 795 sul,
180 741 205 787 s.
239 719 339 783 etiam
376 717 477 781 hostis
515 718 686 781 Antonius.
732 717 786 781 fin.
809 719 847 799 3,
874 719 896 781 2
925 739 986 783 nos
1009 741 1075 783 non
1097 742 1138 784 m.
1163 741 1228 783 non

61 820 164 884 vinei
187 842 207 883 a
229 819 363 884 Graecis
384 820 552 882 verborum
577 819 683 902 eopia,
713 818 768 882 sed
797 841 865 883 esse
894 821 928 883 in
958 842 995 884 ea
1019 821 1113 885 etiam
1136 843 1226 905 supe-

61 922 190 986 riores.
237 922 290 989 fin.
320 922 352 1001 1,
382 920 419 983 21
446 920 486 983 iis
509 941 575 983 nou
598 943 640 984 m.
663 942 729 984 non
753 920 857 1003 laudi,
885 943 993 986 uuum
1022 923 1117 985 etiam
1148 924 1227 986 vitio

76 1023 223 1087 dandum
247 1025 336 1106 puto.
383 1021 459 1085 fam.
483 1023 514 1102 6,
538 1022 568 1105 4,
584 1022 605 1085 4
619 1043 685 1087 non
709 1044 751 1086 m.
775 1021 863 1086 dolor
885 1024 1002 1105 nullus,
1025 1045 1133 1088 uuum
1155 1024 1227 1088 finis

73 1125 178 1189 ctiam
202 1124 334 1189 doloris.
381 1123 428 1206 10,
451 1125 481 1205 6,
504 1125 525 1186 3
547 1122 706 1187 honorum
728 1145 791 1187 non
816 1146 856 1187 m.
881 1124 1022 1209 dignitas
1044 1125 1134 1190 retello
1157 1125 1227 1202 erit,

82 1227 135 1290 sed
158 1226 223 1291 erit
245 1247 369 1290 summa
390 1225 585 1289 deformitas.
624 1227 691 1291 Att.
718 1228 765 1305 11,
789 1227 819 1306 6,
847 1228 860 1289 1
885 1225 975 1290 dolor
997 1248 1085 1291 meus
1101 1248 1165 1290 nou
1183 1249 1223 1290 m.

82 1349 143 1391 non
169 1327 328 1391 minuitur
352 1365 391 1374 —-
414 1327 468 1390 sed
493 1326 588 1390 etiam
611 1331 756 1410 augetur.
794 1331 867 1411 post
882 1327 946 1390 red.
963 1327 1003 1391 ad
1019 1328 1108 1403 Quir.
1128 1328 1159 1411 4,
1178 1330 1227 1392 10.

85 1429 339 1511 ffl3ffi½

165 1530 295 1595 Varro
329 1530 348 1593 l.
378 1530 398 1593 l.
430 1531 450 1594 8
479 1553 509 1613 p.
537 1530 606 1594 102.
651 1530 748 1594 Bell.
788 1531 867 1594 afr.
905 1531 946 1594 47
984 1553 1049 1595 nou
1087 1553 1127 1595 m.
1166 1532 1227 1596 sibi

87 1636 256 1717 quidquam
292 1653 357 1698 non
392 1631 611 1716 adquisierant
642 1670 676 1678 -
708 1654 732 1694 s.
764 1632 872 1696 etiam.
924 1632 999 1696 biv.
1022 1633 1054 1714 4,
1077 1633 1128 1715 21,
1152 1634 1171 1697 6
1194 1637 1229 1696 ut

88 1753 144 1799 non
176 1733 271 1798 modo
305 1733 479 1818 praedandi
513 1754 607 1796 causa
634 1735 803 1816 quisquam
832 1756 870 1797 ex
893 1755 970 1819 agro
996 1734 1142 1798 Romano
1165 1756 1229 1800 aon

87 1839 182 1902 exiret
208 1876 246 1882 -
269 1835 325 1900 sed
347 1834 432 1899 ultro
456 1834 626 1899 Fidenates
656 1835 887 1901 descenderent
914 1836 949 1900 in
978 1856 1090 1920 agrum
1114 1836 1153 1900 a.
1176 1837 1228 1917 24,

81 1935 422 2022 Qssmffiffl

165 2041 193 2124 i)
239 2038 359 2103 Beide
389 2038 555 2103 Glieder
582 2039 669 2104 sind
698 2040 877 2124 negativ3
915 2040 971 2104 das
999 2041 1110 2105 aweite
1134 2039 1227 2104 Glied

73 2141 159 2207 wird
185 2142 221 2205 in
243 2141 300 2205 der
322 2139 424 2225 Regel
451 2140 551 2204 durch
578 2162 618 2205 ne
638 2179 680 2190 —
702 2144 843 2224 quidem,
880 2140 1017 2205 seltener
1046 2141 1144 2207 durch
1175 2144 1230 2206 viu

71 2245 159 2308 oder
182 2241 351 2326 doppeltes
376 2263 474 2325 acque
502 2242 711 2326 angeknlipft.
756 2242 801 2306 Es
830 2243 856 2307 is
900 2244 977 2307 aber
1005 2244 1160 2308 aweierlei
1190 2266 1227 2307 zu

70 2343 350 2409 unterscheiden:

180 2469 212 2509 α.
256 2444 306 2509 Im
328 2447 466 2509 ersten
489 2445 600 2510 Gliede
622 2446 694 2510 sind
723 2445 926 2531 gewdhnlich
954 2446 1070 2511 beide
1099 2446 1229 2532 Nega·

81 2549 229 2612 tiouen
252 2547 538 2632 ausgedrllekt:
568 2548 646 2613 Cic.
670 2547 765 2613 Rosc.
791 2551 863 2612 Am.
887 2550 929 2612 29
951 2570 1016 2612 uon
1039 2545 1230 2615 modoaibil

77 2671 192 2714 eorum
214 2649 342 2732 fecisse,
372 2649 426 2713 sed
454 2671 496 2714 ne
523 2649 666 2733 potuisse
695 2650 823 2734 quidem
853 2650 967 2714 facere.
1014 2650 1104 2714 Verr.
1128 2654 1164 2732 3,
1187 2652 1229 2717 48

84 2773 149 2816 uon
171 2774 214 2815 m.
238 2771 371 2836 granum
400 2752 538 2834 mellum,
569 2750 625 2816 aad
653 2773 693 2816 ne
727 2752 837 2837 paleae
865 2752 1002 2835 quidem.
1048 2775 1078 2836 p.
1105 2752 1229 2817 Mun3

90 2853 144 2919 hoc
166 2875 234 2918 uon
258 2874 298 2917 m.
327 2875 392 2918 aon
422 2853 562 2934 laudari,
590 2852 645 2917 sed
675 2874 715 2917 uc
744 2853 875 2918 concedi
903 2854 1030 2937 quidem
1059 2857 1173 2938 potest.
1198 2877 1228 2938 p.

93 2953 174 3019 Sulla
201 2955 240 3018 18
263 2976 329 3019 non
351 2978 392 3019 m.
415 2955 475 3019 tibi
498 2977 563 3019 non
585 2956 714 3036 irascor,
738 2954 791 3018 sed
815 2977 855 3019 ue
878 2955 1074 3039 reprehendo
1098 2957 1181 3039 qul
1220 2995 1229 3003 -

93 3058 152 3121 tum
169 3059 270 3122 tuum.
302 3057 354 3126 off.
368 3058 399 3136 3,
414 3058 466 3140 27,
487 3057 556 3120 101.
591 3055 653 3120 Mit
665 3056 935 3140 pleonastischem
951 3061 1063 3123 ctiam:
1088 3060 1155 3122 Att.
1183 3059 1232 3140 14,

96 3157 136 3242 14,
159 3159 180 3223 2
202 3179 270 3223 non
293 3181 333 3226 m.
357 3181 422 3223 non
450 3159 625 3242 facturum,
653 3181 678 3223 s.
702 3159 798 3223 etiam
827 3181 868 3223 ue
895 3181 1062 3243 passurum
1091 3159 1228 3243 quidem.

93 3253 166 3326 llerr
187 3259 232 3344 Il,
258 3263 285 3343 l,
311 3261 353 3324 18·
378 3263 416 3324 ut
447 3282 511 3325 nou
544 3282 586 3329 m.
619 3261 778 3345 proficisci
807 3282 878 3325 cum
906 3264 1036 3345 cuperet
1063 3259 1230 3324 Dolabella

89 3376 149 3428 uon
179 3365 307 3446 posset,
339 3363 394 3427 sed
422 3364 477 3428 cin
504 3364 538 3427 in
566 3362 685 3447 oppido
707 3363 905 3428 consisteret.
928 3362 1003 3426 fam.
1026 3361 1057 3444 4,
1083 3363 1111 3443 l,
1133 3362 1154 3424 2
1175 3362 1228 3424 sed

87 3462 145 3529 vix.
170 3488 201 3549 p.
226 3464 353 3530 Cluent.
375 3464 418 3528 20
440 3486 505 3528 uon
534 3486 577 3528 m.
606 3464 646 3528 ad
675 3487 725 3529 me
754 3464 872 3529 amicos
901 3486 965 3527 non
994 3463 1141 3546 adduxit,
1175 3463 1229 3527 sed

82 3558 153 3650 lpse
175 3587 276 3648 neque
297 3565 519 3630 defensoribus
541 3566 588 3630 uti
603 3587 701 3648 neque
715 3564 934 3630 laudatoribus
949 3567 1062 3648 potuit
1087 3564 1229 3629 Zweifel·

78 3657 171 3732 hait:
210 3667 390 3750 offlam,
415 3667 476 3732 105
500 3671 562 3750 (wo
589 3667 645 3731 das
673 3667 784 3732 zweite
812 3688 876 3733 non
908 3665 992 3730 wohl
1020 3666 1140 3731 uneeht
1161 3667 1228 3753 ist).

79 3764 199 3834 Caes.
223 3769 253 3832 b.
276 3791 309 3853 g.
335 3770 362 3847 1,
388 3769 436 3834 16.
459 3770 489 3848 2,
515 3770 563 3834 17.
586 3769 616 3851 5,
638 3769 690 3834 43.

171 3871 251 3935 Liv.
273 3870 305 3953 4,
328 3872 358 3956 3,
383 3871 423 3934 10
444 3869 583 3935 Numam
598 3870 802 3954 Pompilium,
825 3892 892 3935 non
908 3893 949 3934 m.
967 3891 1032 3934 nou
1048 3870 1229 3954 patricium,

80 3974 140 4038 sed
168 3993 210 4037 ne
241 3972 342 4036 civem
370 3972 498 4056 quidem
529 3971 719 4037 Romanum.
772 3971 885 4037 Glsich
921 3970 1036 4035 darauf
1055 3972 1088 4035 iu
1119 3974 1151 4053 ἕ.
1176 3973 1230 4036 11:

83 4072 125 4140 L.
152 4073 268 4139 deinde
296 4072 504 4158 Tarquinium
532 4095 596 4138 non
612 4073 790 4138 Romanae
818 4075 923 4153 modo,
952 4072 1007 4136 sed
1035 4094 1076 4137 ue
1098 4072 1231 4137 Italicae

91 4175 217 4259 quidem
240 4175 360 4260 gentis.
405 4174 487 4257 (Der
509 4174 678 4240 Verfasscr
698 4175 757 4239 hat
778 4175 813 4238 in
835 4174 892 4240 der
912 4173 1008 4238 Form
1031 4172 1231 4240 abweohseln

90 4275 221 4360 wollen3
265 4274 449 4341 kunstlieha
486 4275 725 4361 Erkldrungen,
763 4274 821 4339 wie
858 4276 908 4340 die
946 4297 1008 4339 von
1037 4273 1230 4357 Weissenb,

94 4373 197 4441 hellen
227 4399 266 4440 zu
300 4375 433 4460 niebts.)
477 4378 533 4458 35,
563 4378 604 4442 46
626 4398 693 4441 nou
719 4399 762 4442 m.
792 4398 857 4441 non
885 4377 1025 4461 recipere
1054 4375 1231 4453 moenibus,
