<?xml version="1.0" encoding="UTF-8"?>
<!DOCTYPE html PUBLIC "-//W3C//DTD XHTML 1.0 Transitional//EN"
    "http://www.w3.org/TR/xhtml1/DTD/xhtml1-transitional.dtd">
<html xmlns="http://www.w3.org/1999/xhtml" xml:lang="en" lang="en">
 <head>
  <title>
</title>
<meta http-equiv="Content-Type" content="text/html;charset=utf-8" />
  <meta name='ocr-system' content='tesseract 3.04.00' />
  <meta name='ocr-capabilities' content='ocr_page ocr_carea ocr_par ocr_line ocrx_word'/>
</head>
<body>
  <div class='ocr_page' id='page_1' title='image "./historischesynt02draegoog/historischesynt02draegoog_0086.png"; bbox 0 0 2926 5062; ppageno 0'>
   <div class='ocr_carea' id='block_1_1' title="bbox 697 306 905 370">
    <p class='ocr_par' dir='ltr' id='par_1_1' title="bbox 697 306 905 370">
     <span class='ocr_line' id='line_1_1' title="bbox 697 306 905 370; baseline -0.01 -15"><span class='ocrx_word' id='word_1_1' title='bbox 697 306 905 370; x_wconf 71' lang='lat'>„56-</span> 
     </span>
    </p>
   </div>
   <div class='ocr_carea' id='block_1_2' title="bbox 226 459 1438 4512">
    <p class='ocr_par' dir='ltr' id='par_1_2' title="bbox 226 459 1381 1138">
     <span class='ocr_line' id='line_1_2' title="bbox 226 459 1378 549; baseline -0.005 -19"><span class='ocrx_word' id='word_1_2' title='bbox 226 462 592 549; x_wconf 86' lang='lat' dir='ltr'>Uebergangsformeln:</span> <span class='ocrx_word' id='word_1_3' title='bbox 636 482 674 526; x_wconf 84' lang='grc'>88</span> <span class='ocrx_word' id='word_1_4' title='bbox 699 463 855 544; x_wconf 70' lang='lat' dir='ltr'>primum,</span> <span class='ocrx_word' id='word_1_5' title='bbox 888 461 1012 542; x_wconf 79' lang='lat' dir='ltr'>primo,</span> <span class='ocrx_word' id='word_1_6' title='bbox 1045 459 1094 523; x_wconf 84' lang='lat' dir='ltr'>oft</span> <span class='ocrx_word' id='word_1_7' title='bbox 1127 460 1188 524; x_wconf 91' lang='lat' dir='ltr'>mit</span> <span class='ocrx_word' id='word_1_8' title='bbox 1220 460 1378 546; x_wconf 83' lang='lat' dir='ltr'>hinzuge·</span> 
     </span>
     <span class='ocr_line' id='line_1_3' title="bbox 227 563 1381 647; baseline -0.003 -17"><span class='ocrx_word' id='word_1_9' title='bbox 227 571 359 630; x_wconf 84' lang='lat' dir='ltr'>setztem</span> <span class='ocrx_word' id='word_1_10' title='bbox 389 567 530 647; x_wconf 79' lang='lat' dir='ltr'>quidem,</span> <span class='ocrx_word' id='word_1_11' title='bbox 565 564 641 626; x_wconf 86' lang='lat' dir='ltr'>aber</span> <span class='ocrx_word' id='word_1_12' title='bbox 664 563 930 645; x_wconf 71' lang='grc'><strong>6188881888-</strong></span> <span class='ocrx_word' id='word_1_13' title='bbox 954 563 1097 642; x_wconf 58' lang='lat' dir='ltr'>quidem</span> <span class='ocrx_word' id='word_1_14' title='bbox 1126 566 1312 645; x_wconf 70' lang='grc'><strong>81888898,</strong></span> <span class='ocrx_word' id='word_1_15' title='bbox 1342 584 1381 627; x_wconf 85' lang='lat' dir='ltr'>oe</span> 
     </span>
     <span class='ocr_line' id='line_1_4' title="bbox 227 662 1379 751; baseline -0.003 -19"><span class='ocrx_word' id='word_1_16' title='bbox 227 669 308 732; x_wconf 79' lang='lat' dir='ltr'>mihi</span> <span class='ocrx_word' id='word_1_17' title='bbox 343 668 469 749; x_wconf 78' lang='lat' dir='ltr'>quidem</span> <span class='ocrx_word' id='word_1_18' title='bbox 505 664 717 751; x_wconf 82' lang='lat' dir='ltr'>(Uehergang</span> <span class='ocrx_word' id='word_1_19' title='bbox 752 686 809 727; x_wconf 86' lang='lat' dir='ltr'>zur</span> <span class='ocrx_word' id='word_1_20' title='bbox 838 666 1048 746; x_wconf 87' lang='lat' dir='ltr'>Aeusserung</span> <span class='ocrx_word' id='word_1_21' title='bbox 1083 662 1138 726; x_wconf 91' lang='lat' dir='ltr'>der</span> <span class='ocrx_word' id='word_1_22' title='bbox 1174 663 1379 746; x_wconf 86' lang='lat' dir='ltr'>subjectiven</span> 
     </span>
     <span class='ocr_line' id='line_1_5' title="bbox 229 764 1379 852; baseline 0 -21"><span class='ocrx_word' id='word_1_23' title='bbox 229 768 398 852; x_wconf 81' lang='lat' dir='ltr'>Meinung)</span> <span class='ocrx_word' id='word_1_24' title='bbox 421 767 481 830; x_wconf 91' lang='lat' dir='ltr'>mit</span> <span class='ocrx_word' id='word_1_25' title='bbox 503 767 559 829; x_wconf 89' lang='lat' dir='ltr'>der</span> <span class='ocrx_word' id='word_1_26' title='bbox 586 766 731 830; x_wconf 86' lang='lat' dir='ltr'>seltenen</span> <span class='ocrx_word' id='word_1_27' title='bbox 760 764 989 849; x_wconf 81' lang='lat' dir='ltr'>Verbindung:</span> <span class='ocrx_word' id='word_1_28' title='bbox 1034 767 1129 848; x_wconf 88' lang='lat' dir='ltr'>atque</span> <span class='ocrx_word' id='word_1_29' title='bbox 1161 786 1215 847; x_wconf 71' lang='lat' dir='ltr'>epo</span> <span class='ocrx_word' id='word_1_30' title='bbox 1248 767 1379 846; x_wconf 73' lang='lat' dir='ltr'>quidem</span> 
     </span>
     <span class='ocr_line' id='line_1_6' title="bbox 229 864 1377 953; baseline -0.003 -19"><span class='ocrx_word' id='word_1_31' title='bbox 229 868 308 935; x_wconf 82' lang='lat' dir='ltr'>Cato</span> <span class='ocrx_word' id='word_1_32' title='bbox 331 892 382 953; x_wconf 88' lang='lat' dir='ltr'>ap.</span> <span class='ocrx_word' id='word_1_33' title='bbox 421 869 502 935; x_wconf 85' lang='lat' dir='ltr'>Gell.</span> <span class='ocrx_word' id='word_1_34' title='bbox 527 870 556 951; x_wconf 74' lang='lat' dir='ltr'>l,</span> <span class='ocrx_word' id='word_1_35' title='bbox 578 868 608 935; x_wconf 89' lang='lat'>3.</span> <span class='ocrx_word' id='word_1_36' title='bbox 653 866 750 931; x_wconf 91' lang='lat' dir='ltr'>Hand</span> <span class='ocrx_word' id='word_1_37' title='bbox 785 865 850 930; x_wconf 88' lang='lat' dir='ltr'>und</span> <span class='ocrx_word' id='word_1_38' title='bbox 884 864 965 929; x_wconf 85' lang='lat' dir='ltr'>nach</span> <span class='ocrx_word' id='word_1_39' title='bbox 999 864 1066 927; x_wconf 90' lang='lat' dir='ltr'>ihm</span> <span class='ocrx_word' id='word_1_40' title='bbox 1095 864 1377 930; x_wconf 66' lang='grc' dir='ltr'><strong>1118181818ῐί-</strong></span> 
     </span>
     <span class='ocr_line' id='line_1_7' title="bbox 230 965 1379 1053; baseline -0.003 -18"><span class='ocrx_word' id='word_1_41' title='bbox 230 972 295 1036; x_wconf 87' lang='lat' dir='ltr'>kon</span> <span class='ocrx_word' id='word_1_42' title='bbox 318 971 425 1035; x_wconf 89' lang='lat' dir='ltr'>haben</span> <span class='ocrx_word' id='word_1_43' title='bbox 447 971 508 1035; x_wconf 89' lang='lat' dir='ltr'>mit</span> <span class='ocrx_word' id='word_1_44' title='bbox 537 969 647 1033; x_wconf 85' lang='lat' dir='ltr'>diesen</span> <span class='ocrx_word' id='word_1_45' title='bbox 674 968 820 1053; x_wconf 83' lang='lat' dir='ltr'>Diogen,</span> <span class='ocrx_word' id='word_1_46' title='bbox 853 967 913 1031; x_wconf 86' lang='lat' dir='ltr'>wie</span> <span class='ocrx_word' id='word_1_47' title='bbox 943 966 1064 1030; x_wconf 84' lang='lat' dir='ltr'>esmir</span> <span class='ocrx_word' id='word_1_48' title='bbox 1095 965 1236 1051; x_wconf 88' lang='lat' dir='ltr'>scheint,</span> <span class='ocrx_word' id='word_1_49' title='bbox 1272 968 1379 1032; x_wconf 86' lang='lat' dir='ltr'>Raum</span> 
     </span>
     <span class='ocr_line' id='line_1_8' title="bbox 230 1072 478 1138; baseline -0.004 0"><span class='ocrx_word' id='word_1_50' title='bbox 230 1072 478 1138; x_wconf 85' lang='lat' dir='ltr'>verschwendet.</span> 
     </span>
    </p>

    <p class='ocr_par' dir='ltr' id='par_1_3' title="bbox 229 1170 1381 1442">
     <span class='ocr_line' id='line_1_9' title="bbox 317 1170 1381 1256; baseline -0.004 -18"><span class='ocrx_word' id='word_1_51' title='bbox 317 1176 366 1239; x_wconf 88' lang='lat'>13.</span> <span class='ocrx_word' id='word_1_52' title='bbox 411 1176 515 1256; x_wconf 77' lang='lat' dir='ltr'>Atque</span> <span class='ocrx_word' id='word_1_53' title='bbox 548 1172 736 1238; x_wconf 81' lang='lat' dir='ltr'>bezeichnet</span> <span class='ocrx_word' id='word_1_54' title='bbox 768 1172 839 1235; x_wconf 85' lang='lat' dir='ltr'>eiua</span> <span class='ocrx_word' id='word_1_55' title='bbox 873 1170 1175 1255; x_wconf 84' lang='lat' dir='ltr'>Vargleiohung</span> <span class='ocrx_word' id='word_1_56' title='bbox 1205 1172 1269 1236; x_wconf 92' lang='lat' dir='ltr'>und</span> <span class='ocrx_word' id='word_1_57' title='bbox 1292 1194 1381 1236; x_wconf 86' lang='lat' dir='ltr'>zwar</span> 
     </span>
     <span class='ocr_line' id='line_1_10' title="bbox 234 1272 1381 1360; baseline -0.004 -18"><span class='ocrx_word' id='word_1_58' title='bbox 234 1277 332 1342; x_wconf 90' lang='lat' dir='ltr'>schon</span> <span class='ocrx_word' id='word_1_59' title='bbox 356 1276 463 1360; x_wconf 77' lang='lat' dir='ltr'>haufig</span> <span class='ocrx_word' id='word_1_60' title='bbox 486 1275 519 1338; x_wconf 90' lang='lat' dir='ltr'>in</span> <span class='ocrx_word' id='word_1_61' title='bbox 542 1273 791 1338; x_wconf 84' lang='lat' dir='ltr'>vorhlaasisoher</span> <span class='ocrx_word' id='word_1_62' title='bbox 814 1272 884 1338; x_wconf 88' lang='lat' dir='ltr'>Zeit</span> <span class='ocrx_word' id='word_1_63' title='bbox 905 1273 970 1337; x_wconf 91' lang='lat' dir='ltr'>und</span> <span class='ocrx_word' id='word_1_64' title='bbox 998 1272 1058 1336; x_wconf 89' lang='lat' dir='ltr'>mit</span> <span class='ocrx_word' id='word_1_65' title='bbox 1085 1293 1212 1358; x_wconf 83' lang='lat' dir='ltr'>grosser</span> <span class='ocrx_word' id='word_1_66' title='bbox 1234 1272 1381 1338; x_wconf 84' lang='lat' dir='ltr'>Freihsit</span> 
     </span>
     <span class='ocr_line' id='line_1_11' title="bbox 229 1376 475 1442; baseline -0.008 0"><span class='ocrx_word' id='word_1_67' title='bbox 229 1379 274 1442; x_wconf 93' lang='lat' dir='ltr'>im</span> <span class='ocrx_word' id='word_1_68' title='bbox 297 1376 475 1442; x_wconf 83' lang='lat' dir='ltr'>Gabrauch.</span> 
     </span>
    </p>

    <p class='ocr_par' dir='ltr' id='par_1_4' title="bbox 231 1476 1385 2987">
     <span class='ocr_line' id='line_1_12' title="bbox 315 1476 1383 1565; baseline -0.002 -22"><span class='ocrx_word' id='word_1_69' title='bbox 315 1479 349 1565; x_wconf 86' lang='grc'>8)</span> <span class='ocrx_word' id='word_1_70' title='bbox 371 1476 678 1543; x_wconf 84' lang='lat' dir='ltr'>Aehulichkeit:</span> <span class='ocrx_word' id='word_1_71' title='bbox 702 1476 806 1541; x_wconf 86' lang='lat' dir='ltr'>Plaut.</span> <span class='ocrx_word' id='word_1_72' title='bbox 829 1476 895 1540; x_wconf 90' lang='lat' dir='ltr'>mil.</span> <span class='ocrx_word' id='word_1_73' title='bbox 923 1477 998 1540; x_wconf 75' lang='grc'><strong>1261</strong></span> <span class='ocrx_word' id='word_1_74' title='bbox 1019 1476 1046 1539; x_wconf 91' lang='grc'>81</span> <span class='ocrx_word' id='word_1_75' title='bbox 1055 1498 1170 1559; x_wconf 79' lang='lat' dir='ltr'>parem</span> <span class='ocrx_word' id='word_1_76' title='bbox 1186 1477 1238 1541; x_wconf 86' lang='lat' dir='ltr'>hic</span> <span class='ocrx_word' id='word_1_77' title='bbox 1252 1477 1383 1561; x_wconf 87' lang='lat' dir='ltr'>sapien·</span> 
     </span>
     <span class='ocr_line' id='line_1_13' title="bbox 231 1579 1382 1663; baseline -0.003 -17"><span class='ocrx_word' id='word_1_78' title='bbox 231 1583 309 1646; x_wconf 87' lang='lat' dir='ltr'>tiam</span> <span class='ocrx_word' id='word_1_79' title='bbox 332 1580 434 1645; x_wconf 87' lang='lat' dir='ltr'>habet</span> <span class='ocrx_word' id='word_1_80' title='bbox 455 1601 491 1645; x_wconf 88' lang='lat' dir='ltr'>ac</span> <span class='ocrx_word' id='word_1_81' title='bbox 519 1579 667 1644; x_wconf 88' lang='lat' dir='ltr'>formam.</span> <span class='ocrx_word' id='word_1_82' title='bbox 712 1579 797 1647; x_wconf 89' lang='lat' dir='ltr'>Men.</span> <span class='ocrx_word' id='word_1_83' title='bbox 828 1579 889 1642; x_wconf 80' lang='grc'>752</span> <span class='ocrx_word' id='word_1_84' title='bbox 919 1580 1042 1663; x_wconf 74' lang='lat' dir='ltr'>pariter</span> <span class='ocrx_word' id='word_1_85' title='bbox 1073 1579 1134 1643; x_wconf 83' lang='lat' dir='ltr'>hoc</span> <span class='ocrx_word' id='word_1_86' title='bbox 1168 1583 1264 1663; x_wconf 90' lang='lat' dir='ltr'>atque</span> <span class='ocrx_word' id='word_1_87' title='bbox 1298 1580 1382 1644; x_wconf 85' lang='lat' dir='ltr'>alias</span> 
     </span>
     <span class='ocr_line' id='line_1_14' title="bbox 235 1676 1383 1765; baseline -0.002 -19"><span class='ocrx_word' id='word_1_88' title='bbox 235 1706 286 1747; x_wconf 88' lang='lat' dir='ltr'>res</span> <span class='ocrx_word' id='word_1_89' title='bbox 309 1683 401 1747; x_wconf 88' lang='lat' dir='ltr'>soles.</span> <span class='ocrx_word' id='word_1_90' title='bbox 447 1681 601 1745; x_wconf 88' lang='lat' dir='ltr'>Dasselbe</span> <span class='ocrx_word' id='word_1_91' title='bbox 634 1682 686 1746; x_wconf 86' lang='lat' dir='ltr'>bei</span> <span class='ocrx_word' id='word_1_92' title='bbox 718 1681 851 1744; x_wconf 78' lang='lat' dir='ltr'>Terens.</span> <span class='ocrx_word' id='word_1_93' title='bbox 897 1679 976 1745; x_wconf 84' lang='grc'><strong>018.</strong></span> <span class='ocrx_word' id='word_1_94' title='bbox 1012 1676 1182 1763; x_wconf 84' lang='lat' dir='ltr'>parad.&#39;6,</span> <span class='ocrx_word' id='word_1_95' title='bbox 1211 1683 1231 1744; x_wconf 94' lang='grc'><strong>2</strong></span> <span class='ocrx_word' id='word_1_96' title='bbox 1258 1681 1383 1765; x_wconf 86' lang='lat' dir='ltr'>pariter</span> 
     </span>
     <span class='ocr_line' id='line_1_15' title="bbox 233 1782 1384 1867; baseline -0.002 -19"><span class='ocrx_word' id='word_1_97' title='bbox 233 1788 453 1849; x_wconf 79' lang='lat' dir='ltr'>accusatorum</span> <span class='ocrx_word' id='word_1_98' title='bbox 476 1786 572 1867; x_wconf 87' lang='lat' dir='ltr'>atque</span> <span class='ocrx_word' id='word_1_99' title='bbox 594 1783 732 1847; x_wconf 86' lang='lat' dir='ltr'>iudicum</span> <span class='ocrx_word' id='word_1_100' title='bbox 755 1820 797 1830; x_wconf 87' lang='lat'><em>-</em></span> <span class='ocrx_word' id='word_1_101' title='bbox 818 1803 944 1866; x_wconf 83' lang='lat' dir='ltr'>greges.</span> <span class='ocrx_word' id='word_1_102' title='bbox 982 1804 1014 1847; x_wconf 90' lang='lat' dir='ltr'>n.</span> <span class='ocrx_word' id='word_1_103' title='bbox 1031 1782 1061 1847; x_wconf 87' lang='lat' dir='ltr'>d.</span> <span class='ocrx_word' id='word_1_104' title='bbox 1085 1784 1115 1864; x_wconf 88' lang='lat'>3,</span> <span class='ocrx_word' id='word_1_105' title='bbox 1142 1786 1153 1847; x_wconf 92' lang='grc'>1</span> <span class='ocrx_word' id='word_1_106' title='bbox 1180 1802 1284 1866; x_wconf 89' lang='lat' dir='ltr'>neque</span> <span class='ocrx_word' id='word_1_107' title='bbox 1299 1783 1384 1847; x_wconf 91' lang='lat' dir='ltr'>mihi</span> 
     </span>
     <span class='ocr_line' id='line_1_16' title="bbox 233 1883 1383 1971; baseline -0.002 -21"><span class='ocrx_word' id='word_1_108' title='bbox 233 1885 398 1971; x_wconf 86' lang='lat' dir='ltr'>parratio</span> <span class='ocrx_word' id='word_1_109' title='bbox 424 1907 496 1949; x_wconf 86' lang='lat' dir='ltr'>curn</span> <span class='ocrx_word' id='word_1_110' title='bbox 524 1884 646 1949; x_wconf 85' lang='lat' dir='ltr'>Lucilio</span> <span class='ocrx_word' id='word_1_111' title='bbox 675 1887 724 1949; x_wconf 87' lang='grc'>881</span> <span class='ocrx_word' id='word_1_112' title='bbox 754 1905 792 1948; x_wconf 85' lang='grc'>88</span> <span class='ocrx_word' id='word_1_113' title='bbox 820 1888 926 1949; x_wconf 83' lang='lat' dir='ltr'>tecum</span> <span class='ocrx_word' id='word_1_114' title='bbox 956 1883 1027 1947; x_wconf 86' lang='lat' dir='ltr'>fuit.</span> <span class='ocrx_word' id='word_1_115' title='bbox 1075 1883 1164 1953; x_wconf 84' lang='lat' dir='ltr'>Brut.</span> <span class='ocrx_word' id='word_1_116' title='bbox 1203 1886 1238 1946; x_wconf 94' lang='grc'>11</span> <span class='ocrx_word' id='word_1_117' title='bbox 1269 1885 1383 1948; x_wconf 83' lang='lat' dir='ltr'>omnia</span> 
     </span>
     <span class='ocr_line' id='line_1_17' title="bbox 231 1984 1382 2070; baseline -0.002 -18"><span class='ocrx_word' id='word_1_118' title='bbox 231 1989 330 2052; x_wconf 87' lang='lat' dir='ltr'>fuisse</span> <span class='ocrx_word' id='word_1_119' title='bbox 352 1985 562 2051; x_wconf 79' lang='lat' dir='ltr'>Themistocli</span> <span class='ocrx_word' id='word_1_120' title='bbox 584 1986 676 2070; x_wconf 86' lang='lat' dir='ltr'>paria</span> <span class='ocrx_word' id='word_1_121' title='bbox 698 1990 730 2050; x_wconf 86' lang='lat' dir='ltr'>et</span> <span class='ocrx_word' id='word_1_122' title='bbox 746 1984 928 2052; x_wconf 82' lang='lat' dir='ltr'>Coriolano.</span> <span class='ocrx_word' id='word_1_123' title='bbox 965 1985 1070 2050; x_wconf 83' lang='grc'><strong>0888.</strong></span> <span class='ocrx_word' id='word_1_124' title='bbox 1087 1986 1119 2049; x_wconf 90' lang='lat' dir='ltr'>b.</span> <span class='ocrx_word' id='word_1_125' title='bbox 1136 2007 1167 2069; x_wconf 84' lang='lat' dir='ltr'>g.</span> <span class='ocrx_word' id='word_1_126' title='bbox 1187 1989 1202 2050; x_wconf 87' lang='lat'>1</span> <span class='ocrx_word' id='word_1_127' title='bbox 1230 1985 1271 2049; x_wconf 86' lang='grc'>28</span> <span class='ocrx_word' id='word_1_128' title='bbox 1287 2006 1382 2069; x_wconf 89' lang='lat' dir='ltr'>quos-</span> 
     </span>
     <span class='ocr_line' id='line_1_18' title="bbox 232 2086 1384 2174; baseline -0.001 -21"><span class='ocrx_word' id='word_1_129' title='bbox 232 2111 293 2174; x_wconf 88' lang='lat' dir='ltr'>que</span> <span class='ocrx_word' id='word_1_130' title='bbox 323 2092 434 2172; x_wconf 84' lang='lat' dir='ltr'>postea</span> <span class='ocrx_word' id='word_1_131' title='bbox 463 2088 495 2150; x_wconf 91' lang='lat' dir='ltr'>in</span> <span class='ocrx_word' id='word_1_132' title='bbox 525 2109 633 2171; x_wconf 88' lang='lat' dir='ltr'>parem</span> <span class='ocrx_word' id='word_1_133' title='bbox 661 2088 739 2151; x_wconf 91' lang='lat' dir='ltr'>iuris</span> <span class='ocrx_word' id='word_1_134' title='bbox 767 2086 987 2170; x_wconf 78' lang='lat' dir='ltr'>libertatisque</span> <span class='ocrx_word' id='word_1_135' title='bbox 1016 2086 1254 2170; x_wconf 86' lang='lat' dir='ltr'>condicionem,</span> <span class='ocrx_word' id='word_1_136' title='bbox 1284 2093 1384 2170; x_wconf 88' lang='lat' dir='ltr'>atque</span> 
     </span>
     <span class='ocr_line' id='line_1_19' title="bbox 235 2188 1383 2276; baseline -0.003 -20"><span class='ocrx_word' id='word_1_137' title='bbox 235 2191 295 2276; x_wconf 91' lang='lat' dir='ltr'>ipsi</span> <span class='ocrx_word' id='word_1_138' title='bbox 320 2192 420 2268; x_wconf 88' lang='lat' dir='ltr'>erant,</span> <span class='ocrx_word' id='word_1_139' title='bbox 443 2192 643 2272; x_wconf 88' lang='lat' dir='ltr'>receperunt.</span> <span class='ocrx_word' id='word_1_140' title='bbox 688 2190 724 2268; x_wconf 88' lang='lat'>5,</span> <span class='ocrx_word' id='word_1_141' title='bbox 755 2191 794 2254; x_wconf 88' lang='grc'>13</span> <span class='ocrx_word' id='word_1_142' title='bbox 823 2188 891 2272; x_wconf 85' lang='lat' dir='ltr'>pari</span> <span class='ocrx_word' id='word_1_143' title='bbox 922 2189 1027 2273; x_wconf 88' lang='lat' dir='ltr'>spatio</span> <span class='ocrx_word' id='word_1_144' title='bbox 1055 2190 1262 2253; x_wconf 88' lang='lat' dir='ltr'>transmissus</span> <span class='ocrx_word' id='word_1_145' title='bbox 1284 2193 1383 2273; x_wconf 88' lang='lat' dir='ltr'>atque</span> 
     </span>
     <span class='ocr_line' id='line_1_20' title="bbox 236 2290 1384 2376; baseline -0.003 -17"><span class='ocrx_word' id='word_1_146' title='bbox 236 2317 274 2359; x_wconf 85' lang='lat' dir='ltr'>ex</span> <span class='ocrx_word' id='word_1_147' title='bbox 297 2291 402 2357; x_wconf 86' lang='lat' dir='ltr'>Gallia</span> <span class='ocrx_word' id='word_1_148' title='bbox 423 2295 472 2355; x_wconf 87' lang='lat' dir='ltr'>est</span> <span class='ocrx_word' id='word_1_149' title='bbox 494 2291 528 2354; x_wconf 93' lang='lat' dir='ltr'>in</span> <span class='ocrx_word' id='word_1_150' title='bbox 550 2290 763 2355; x_wconf 78' lang='lat' dir='ltr'>Britanniam.</span> <span class='ocrx_word' id='word_1_151' title='bbox 808 2292 839 2356; x_wconf 92' lang='lat' dir='ltr'>b.</span> <span class='ocrx_word' id='word_1_152' title='bbox 863 2311 891 2354; x_wconf 94' lang='grc'>8.</span> <span class='ocrx_word' id='word_1_153' title='bbox 914 2291 945 2373; x_wconf 87' lang='lat'>3,</span> <span class='ocrx_word' id='word_1_154' title='bbox 975 2290 1030 2355; x_wconf 95' lang='grc'>101</span> <span class='ocrx_word' id='word_1_155' title='bbox 1060 2292 1129 2376; x_wconf 88' lang='lat' dir='ltr'>pari</span> <span class='ocrx_word' id='word_1_156' title='bbox 1157 2295 1255 2375; x_wconf 85' lang='lat' dir='ltr'>atque</span> <span class='ocrx_word' id='word_1_157' title='bbox 1283 2297 1384 2358; x_wconf 88' lang='lat' dir='ltr'>antea</span> 
     </span>
     <span class='ocr_line' id='line_1_21' title="bbox 234 2391 1379 2477; baseline 0.001 -18"><span class='ocrx_word' id='word_1_158' title='bbox 234 2394 367 2459; x_wconf 86' lang='lat' dir='ltr'>ratione.</span> <span class='ocrx_word' id='word_1_159' title='bbox 412 2391 505 2457; x_wconf 81' lang='lat' dir='ltr'>sall.</span> <span class='ocrx_word' id='word_1_160' title='bbox 527 2391 558 2456; x_wconf 84' lang='lat' dir='ltr'>J.</span> <span class='ocrx_word' id='word_1_161' title='bbox 581 2393 633 2474; x_wconf 86' lang='grc'>46,</span> <span class='ocrx_word' id='word_1_162' title='bbox 655 2392 813 2477; x_wconf 85' lang='lat' dir='ltr'>6pariter</span> <span class='ocrx_word' id='word_1_163' title='bbox 835 2414 872 2457; x_wconf 89' lang='lat' dir='ltr'>ao</span> <span class='ocrx_word' id='word_1_164' title='bbox 894 2394 921 2456; x_wconf 94' lang='lat' dir='ltr'>si</span> <span class='ocrx_word' id='word_1_165' title='bbox 944 2393 1052 2456; x_wconf 85' lang='lat' dir='ltr'>hostes</span> <span class='ocrx_word' id='word_1_166' title='bbox 1075 2392 1223 2458; x_wconf 81' lang='lat' dir='ltr'>adessent</span> <span class='ocrx_word' id='word_1_167' title='bbox 1258 2394 1379 2475; x_wconf 87' lang='lat'>100,1.</span> 
     </span>
     <span class='ocr_line' id='line_1_22' title="bbox 234 2494 1384 2579; baseline 0 -19"><span class='ocrx_word' id='word_1_168' title='bbox 234 2495 299 2560; x_wconf 89' lang='lat' dir='ltr'>und</span> <span class='ocrx_word' id='word_1_169' title='bbox 322 2496 354 2559; x_wconf 81' lang='lat'>5.</span> <span class='ocrx_word' id='word_1_170' title='bbox 403 2494 472 2571; x_wconf 84' lang='lat'>102,</span> <span class='ocrx_word' id='word_1_171' title='bbox 497 2494 515 2557; x_wconf 85' lang='grc'><strong>7</strong></span> <span class='ocrx_word' id='word_1_172' title='bbox 538 2494 643 2578; x_wconf 83' lang='lat' dir='ltr'>gratia</span> <span class='ocrx_word' id='word_1_173' title='bbox 675 2515 734 2579; x_wconf 85' lang='lat' dir='ltr'>par</span> <span class='ocrx_word' id='word_1_174' title='bbox 765 2514 801 2557; x_wconf 89' lang='grc'>88</span> <span class='ocrx_word' id='word_1_175' title='bbox 835 2494 862 2559; x_wconf 89' lang='grc'>81</span> <span class='ocrx_word' id='word_1_176' title='bbox 894 2515 994 2579; x_wconf 88' lang='lat' dir='ltr'>prope</span> <span class='ocrx_word' id='word_1_177' title='bbox 1031 2494 1220 2560; x_wconf 85' lang='lat' dir='ltr'>adessemus.</span> <span class='ocrx_word' id='word_1_178' title='bbox 1268 2497 1384 2574; x_wconf 85' lang='lat'>113,3</span> 
     </span>
     <span class='ocr_line' id='line_1_23' title="bbox 234 2594 1382 2680; baseline 0 -19"><span class='ocrx_word' id='word_1_179' title='bbox 234 2596 320 2661; x_wconf 88' lang='lat' dir='ltr'>voltu</span> <span class='ocrx_word' id='word_1_180' title='bbox 343 2594 486 2679; x_wconf 86' lang='lat' dir='ltr'>corporis</span> <span class='ocrx_word' id='word_1_181' title='bbox 508 2595 628 2679; x_wconf 85' lang='lat' dir='ltr'>pariter</span> <span class='ocrx_word' id='word_1_182' title='bbox 650 2599 744 2679; x_wconf 80' lang='lat' dir='ltr'>atque</span> <span class='ocrx_word' id='word_1_183' title='bbox 766 2595 872 2659; x_wconf 89' lang='lat' dir='ltr'>animo</span> <span class='ocrx_word' id='word_1_184' title='bbox 895 2598 1009 2660; x_wconf 81' lang='lat' dir='ltr'>varius.</span> <span class='ocrx_word' id='word_1_185' title='bbox 1048 2596 1125 2661; x_wconf 86' lang='lat' dir='ltr'>Liv.</span> <span class='ocrx_word' id='word_1_186' title='bbox 1147 2596 1179 2680; x_wconf 89' lang='grc'>2,</span> <span class='ocrx_word' id='word_1_187' title='bbox 1200 2598 1242 2661; x_wconf 90' lang='grc'>33</span> <span class='ocrx_word' id='word_1_188' title='bbox 1257 2597 1382 2680; x_wconf 88' lang='lat' dir='ltr'>pariter</span> 
     </span>
     <span class='ocr_line' id='line_1_24' title="bbox 232 2696 1381 2783; baseline 0 -20"><span class='ocrx_word' id='word_1_189' title='bbox 232 2699 378 2783; x_wconf 89' lang='lat' dir='ltr'>patribus</span> <span class='ocrx_word' id='word_1_190' title='bbox 410 2719 448 2762; x_wconf 87' lang='grc'>88</span> <span class='ocrx_word' id='word_1_191' title='bbox 479 2696 565 2781; x_wconf 83' lang='lat' dir='ltr'>plebi</span> <span class='ocrx_word' id='word_1_192' title='bbox 599 2718 700 2762; x_wconf 90' lang='lat' dir='ltr'>carus.</span> <span class='ocrx_word' id='word_1_193' title='bbox 746 2697 915 2783; x_wconf 78' lang='lat' dir='ltr'>(Dagegen</span> <span class='ocrx_word' id='word_1_194' title='bbox 943 2699 978 2781; x_wconf 93' lang='grc'>3,</span> <span class='ocrx_word' id='word_1_195' title='bbox 1012 2698 1054 2762; x_wconf 90' lang='grc'>64</span> <span class='ocrx_word' id='word_1_196' title='bbox 1081 2697 1201 2782; x_wconf 89' lang='lat' dir='ltr'>pariter</span> <span class='ocrx_word' id='word_1_197' title='bbox 1233 2699 1381 2781; x_wconf 87' lang='lat' dir='ltr'>patribus</span> 
     </span>
     <span class='ocr_line' id='line_1_25' title="bbox 234 2797 1385 2887; baseline 0.001 -23"><span class='ocrx_word' id='word_1_198' title='bbox 234 2800 381 2887; x_wconf 77' lang='lat' dir='ltr'>plebique</span> <span class='ocrx_word' id='word_1_199' title='bbox 402 2800 576 2883; x_wconf 85' lang='lat' dir='ltr'>aceeptus.)</span> <span class='ocrx_word' id='word_1_200' title='bbox 621 2797 752 2875; x_wconf 83' lang='lat' dir='ltr'>Quint.</span> <span class='ocrx_word' id='word_1_201' title='bbox 780 2800 828 2880; x_wconf 84' lang='lat'>12,</span> <span class='ocrx_word' id='word_1_202' title='bbox 862 2800 898 2884; x_wconf 90' lang='grc'>2,</span> <span class='ocrx_word' id='word_1_203' title='bbox 930 2800 971 2864; x_wconf 89' lang='grc'>28</span> <span class='ocrx_word' id='word_1_204' title='bbox 1004 2799 1117 2884; x_wconf 90' lang='lat' dir='ltr'>quibus</span> <span class='ocrx_word' id='word_1_205' title='bbox 1145 2821 1236 2864; x_wconf 86' lang='lat' dir='ltr'>mens</span> <span class='ocrx_word' id='word_1_206' title='bbox 1259 2801 1385 2885; x_wconf 87' lang='lat' dir='ltr'>pariter</span> 
     </span>
     <span class='ocr_line' id='line_1_26' title="bbox 235 2902 985 2987; baseline -0.004 -18"><span class='ocrx_word' id='word_1_207' title='bbox 235 2907 331 2987; x_wconf 88' lang='lat' dir='ltr'>atque</span> <span class='ocrx_word' id='word_1_208' title='bbox 353 2902 459 2967; x_wconf 89' lang='lat' dir='ltr'>oratio</span> <span class='ocrx_word' id='word_1_209' title='bbox 481 2902 661 2986; x_wconf 85' lang='lat' dir='ltr'>insurgant.</span> <span class='ocrx_word' id='word_1_210' title='bbox 706 2902 800 2985; x_wconf 86' lang='lat' dir='ltr'>Nep.</span> <span class='ocrx_word' id='word_1_211' title='bbox 824 2902 877 2986; x_wconf 92' lang='grc'>23,</span> <span class='ocrx_word' id='word_1_212' title='bbox 902 2904 932 2983; x_wconf 78' lang='grc'>7,</span> <span class='ocrx_word' id='word_1_213' title='bbox 955 2903 985 2967; x_wconf 79' lang='lat'>5.</span> 
     </span>
    </p>

    <p class='ocr_par' dir='ltr' id='par_1_5' title="bbox 234 3002 1438 3902">
     <span class='ocr_line' id='line_1_27' title="bbox 319 3002 1381 3089; baseline -0.001 -20"><span class='ocrx_word' id='word_1_214' title='bbox 319 3004 413 3069; x_wconf 85' lang='lat' dir='ltr'>Naoh</span> <span class='ocrx_word' id='word_1_215' title='bbox 436 3025 533 3085; x_wconf 82' lang='lat' dir='ltr'>acque</span> <span class='ocrx_word' id='word_1_216' title='bbox 554 3028 585 3069; x_wconf 91' lang='lat' dir='ltr'>u.</span> <span class='ocrx_word' id='word_1_217' title='bbox 609 3024 745 3087; x_wconf 77' lang='lat' dir='ltr'>aequus:</span> <span class='ocrx_word' id='word_1_218' title='bbox 779 3004 882 3068; x_wconf 87' lang='lat' dir='ltr'>Plaut</span> <span class='ocrx_word' id='word_1_219' title='bbox 904 3002 1020 3070; x_wconf 82' lang='lat' dir='ltr'>Bacch.</span> <span class='ocrx_word' id='word_1_220' title='bbox 1044 3004 1107 3068; x_wconf 89' lang='grc'><strong>214</strong></span> <span class='ocrx_word' id='word_1_221' title='bbox 1128 3024 1224 3087; x_wconf 89' lang='lat' dir='ltr'>quam</span> <span class='ocrx_word' id='word_1_222' title='bbox 1246 3025 1307 3089; x_wconf 83' lang='lat' dir='ltr'>ego</span> <span class='ocrx_word' id='word_1_223' title='bbox 1329 3005 1381 3068; x_wconf 87' lang='lat' dir='ltr'>fa·</span> 
     </span>
     <span class='ocr_line' id='line_1_28' title="bbox 239 3104 1381 3192; baseline 0.001 -23"><span class='ocrx_word' id='word_1_224' title='bbox 239 3105 346 3170; x_wconf 89' lang='lat' dir='ltr'>hulam</span> <span class='ocrx_word' id='word_1_225' title='bbox 369 3126 468 3189; x_wconf 87' lang='lat' dir='ltr'>aequa</span> <span class='ocrx_word' id='word_1_226' title='bbox 490 3126 527 3169; x_wconf 89' lang='grc'>88</span> <span class='ocrx_word' id='word_1_227' title='bbox 549 3129 600 3172; x_wconf 89' lang='lat' dir='ltr'>me</span> <span class='ocrx_word' id='word_1_228' title='bbox 622 3108 726 3192; x_wconf 89' lang='lat' dir='ltr'>ipsum</span> <span class='ocrx_word' id='word_1_229' title='bbox 750 3105 861 3190; x_wconf 87' lang='lat' dir='ltr'>diligo.</span> <span class='ocrx_word' id='word_1_230' title='bbox 907 3104 1006 3171; x_wconf 87' lang='lat' dir='ltr'>Stich.</span> <span class='ocrx_word' id='word_1_231' title='bbox 1022 3106 1082 3170; x_wconf 78' lang='grc'>211</span> <span class='ocrx_word' id='word_1_232' title='bbox 1107 3106 1194 3170; x_wconf 88' lang='lat' dir='ltr'>satin</span> <span class='ocrx_word' id='word_1_233' title='bbox 1215 3109 1253 3170; x_wconf 90' lang='lat' dir='ltr'>ut</span> <span class='ocrx_word' id='word_1_234' title='bbox 1273 3105 1381 3170; x_wconf 85' lang='lat' dir='ltr'>facete</span> 
     </span>
     <span class='ocr_line' id='line_1_29' title="bbox 241 3207 1383 3293; baseline 0 -22"><span class='ocrx_word' id='word_1_235' title='bbox 241 3229 340 3291; x_wconf 88' lang='lat' dir='ltr'>aeque</span> <span class='ocrx_word' id='word_1_236' title='bbox 369 3210 465 3291; x_wconf 88' lang='lat' dir='ltr'>atque</span> <span class='ocrx_word' id='word_1_237' title='bbox 493 3228 531 3270; x_wconf 83' lang='lat' dir='ltr'>ex</span> <span class='ocrx_word' id='word_1_238' title='bbox 564 3210 688 3293; x_wconf 85' lang='lat' dir='ltr'>pictura</span> <span class='ocrx_word' id='word_1_239' title='bbox 723 3207 851 3272; x_wconf 79' lang='lat' dir='ltr'>astitit?</span> <span class='ocrx_word' id='word_1_240' title='bbox 899 3207 998 3272; x_wconf 87' lang='lat' dir='ltr'>Marc.</span> <span class='ocrx_word' id='word_1_241' title='bbox 1032 3208 1095 3271; x_wconf 78' lang='grc'>160</span> <span class='ocrx_word' id='word_1_242' title='bbox 1131 3229 1225 3291; x_wconf 86' lang='lat' dir='ltr'>quam</span> <span class='ocrx_word' id='word_1_243' title='bbox 1263 3207 1383 3271; x_wconf 90' lang='lat' dir='ltr'>dudum</span> 
     </span>
     <span class='ocr_line' id='line_1_30' title="bbox 238 3307 1438 3395; baseline 0.001 -22"><span class='ocrx_word' id='word_1_244' title='bbox 238 3310 363 3373; x_wconf 88' lang='lat' dir='ltr'>dixeras</span> <span class='ocrx_word' id='word_1_245' title='bbox 397 3307 501 3373; x_wconf 88' lang='lat' dir='ltr'>odisse</span> <span class='ocrx_word' id='word_1_246' title='bbox 530 3313 563 3374; x_wconf 87' lang='lat' dir='ltr'>te</span> <span class='ocrx_word' id='word_1_247' title='bbox 592 3332 690 3395; x_wconf 88' lang='lat' dir='ltr'>aeque</span> <span class='ocrx_word' id='word_1_248' title='bbox 713 3312 808 3394; x_wconf 87' lang='lat' dir='ltr'>atque</span> <span class='ocrx_word' id='word_1_249' title='bbox 831 3330 962 3394; x_wconf 82' lang='lat' dir='ltr'>angues.</span> <span class='ocrx_word' id='word_1_250' title='bbox 1007 3308 1095 3374; x_wconf 86' lang='lat' dir='ltr'>Trin.</span> <span class='ocrx_word' id='word_1_251' title='bbox 1118 3309 1182 3373; x_wconf 83' lang='lat'>493</span> <span class='ocrx_word' id='word_1_252' title='bbox 1205 3330 1305 3392; x_wconf 86' lang='lat' dir='ltr'>aequa</span> <span class='ocrx_word' id='word_1_253' title='bbox 1327 3309 1382 3374; x_wconf 91' lang='lat' dir='ltr'>ille</span> <span class='ocrx_word' id='word_1_254' title='bbox 1435 3349 1438 3352; x_wconf 37' lang='lat'><strong>⁴</strong></span> 
     </span>
     <span class='ocr_line' id='line_1_31' title="bbox 235 3411 1381 3503; baseline 0.002 -28"><span class='ocrx_word' id='word_1_255' title='bbox 235 3411 401 3503; x_wconf 73' lang='lat' dir='ltr'>mendicus</span> <span class='ocrx_word' id='word_1_256' title='bbox 429 3415 525 3496; x_wconf 88' lang='lat' dir='ltr'>atque</span> <span class='ocrx_word' id='word_1_257' title='bbox 551 3412 606 3477; x_wconf 88' lang='lat' dir='ltr'>ille</span> <span class='ocrx_word' id='word_1_258' title='bbox 635 3412 906 3498; x_wconf 82' lang='lat' dir='ltr'>opulentissumus</span> <span class='ocrx_word' id='word_1_259' title='bbox 936 3416 1084 3476; x_wconf 87' lang='lat' dir='ltr'>censetur</span> <span class='ocrx_word' id='word_1_260' title='bbox 1111 3431 1208 3474; x_wconf 87' lang='lat' dir='ltr'>ceusu</span> <span class='ocrx_word' id='word_1_261' title='bbox 1235 3449 1277 3458; x_wconf 91' lang='lat'>—</span> <span class='ocrx_word' id='word_1_262' title='bbox 1300 3434 1381 3477; x_wconf 86' lang='lat' dir='ltr'>rnor-</span> 
     </span>
     <span class='ocr_line' id='line_1_32' title="bbox 234 3513 1379 3599; baseline -0.001 -20"><span class='ocrx_word' id='word_1_263' title='bbox 234 3520 316 3583; x_wconf 90' lang='lat' dir='ltr'>tuos.</span> <span class='ocrx_word' id='word_1_264' title='bbox 362 3513 436 3579; x_wconf 82' lang='grc'><strong>018.</strong></span> <span class='ocrx_word' id='word_1_265' title='bbox 460 3513 551 3580; x_wconf 87' lang='lat' dir='ltr'>Verr.</span> <span class='ocrx_word' id='word_1_266' title='bbox 574 3517 605 3599; x_wconf 85' lang='lat'>3,</span> <span class='ocrx_word' id='word_1_267' title='bbox 630 3515 669 3578; x_wconf 88' lang='grc'>10</span> <span class='ocrx_word' id='word_1_268' title='bbox 692 3535 763 3579; x_wconf 86' lang='lat' dir='ltr'>oum</span> <span class='ocrx_word' id='word_1_269' title='bbox 788 3552 825 3561; x_wconf 95' lang='lat'>—</span> <span class='ocrx_word' id='word_1_270' title='bbox 849 3534 984 3596; x_wconf 87' lang='lat' dir='ltr'>acquam</span> <span class='ocrx_word' id='word_1_271' title='bbox 1007 3516 1130 3597; x_wconf 88' lang='lat' dir='ltr'>partem</span> <span class='ocrx_word' id='word_1_272' title='bbox 1153 3516 1189 3576; x_wconf 94' lang='lat' dir='ltr'>tu</span> <span class='ocrx_word' id='word_1_273' title='bbox 1210 3513 1271 3578; x_wconf 91' lang='lat' dir='ltr'>tibi</span> <span class='ocrx_word' id='word_1_274' title='bbox 1295 3536 1379 3578; x_wconf 88' lang='lat' dir='ltr'>sum·</span> 
     </span>
     <span class='ocr_line' id='line_1_33' title="bbox 235 3615 1379 3700; baseline 0.002 -21"><span class='ocrx_word' id='word_1_275' title='bbox 235 3616 337 3700; x_wconf 90' lang='lat' dir='ltr'>pseris</span> <span class='ocrx_word' id='word_1_276' title='bbox 371 3637 408 3680; x_wconf 88' lang='grc'>88</span> <span class='ocrx_word' id='word_1_277' title='bbox 435 3617 553 3700; x_wconf 93' lang='lat' dir='ltr'>populo</span> <span class='ocrx_word' id='word_1_278' title='bbox 583 3616 621 3682; x_wconf 86' lang='lat' dir='ltr'>R.</span> <span class='ocrx_word' id='word_1_279' title='bbox 649 3615 784 3681; x_wconf 90' lang='lat' dir='ltr'>miseris.</span> <span class='ocrx_word' id='word_1_280' title='bbox 829 3615 904 3679; x_wconf 86' lang='lat' dir='ltr'>fam.</span> <span class='ocrx_word' id='word_1_281' title='bbox 930 3616 985 3696; x_wconf 86' lang='lat'>13,</span> <span class='ocrx_word' id='word_1_282' title='bbox 1014 3616 1056 3678; x_wconf 87' lang='grc'>43</span> <span class='ocrx_word' id='word_1_283' title='bbox 1085 3636 1185 3698; x_wconf 89' lang='lat' dir='ltr'>aeque</span> <span class='ocrx_word' id='word_1_284' title='bbox 1208 3636 1227 3679; x_wconf 87' lang='lat' dir='ltr'>a</span> <span class='ocrx_word' id='word_1_285' title='bbox 1248 3618 1281 3679; x_wconf 84' lang='lat' dir='ltr'>te</span> <span class='ocrx_word' id='word_1_286' title='bbox 1304 3619 1379 3699; x_wconf 89' lang='lat' dir='ltr'>peto</span> 
     </span>
     <span class='ocr_line' id='line_1_34' title="bbox 237 3715 1378 3802; baseline -0.001 -22"><span class='ocrx_word' id='word_1_287' title='bbox 237 3738 275 3780; x_wconf 88' lang='grc'>88</span> <span class='ocrx_word' id='word_1_288' title='bbox 304 3717 328 3780; x_wconf 86' lang='grc'>81</span> <span class='ocrx_word' id='word_1_289' title='bbox 359 3738 429 3781; x_wconf 88' lang='lat' dir='ltr'>mea</span> <span class='ocrx_word' id='word_1_290' title='bbox 460 3719 593 3802; x_wconf 87' lang='lat' dir='ltr'>negotia</span> <span class='ocrx_word' id='word_1_291' title='bbox 627 3718 742 3782; x_wconf 85' lang='lat' dir='ltr'>essent.</span> <span class='ocrx_word' id='word_1_292' title='bbox 785 3716 840 3784; x_wconf 87' lang='lat' dir='ltr'>fin.</span> <span class='ocrx_word' id='word_1_293' title='bbox 861 3716 892 3799; x_wconf 91' lang='grc'>4,</span> <span class='ocrx_word' id='word_1_294' title='bbox 916 3716 967 3796; x_wconf 90' lang='grc'>24,</span> <span class='ocrx_word' id='word_1_295' title='bbox 990 3716 1042 3780; x_wconf 80' lang='grc'>65.</span> <span class='ocrx_word' id='word_1_296' title='bbox 1087 3739 1120 3800; x_wconf 81' lang='lat' dir='ltr'>p.</span> <span class='ocrx_word' id='word_1_297' title='bbox 1144 3715 1233 3780; x_wconf 88' lang='lat' dir='ltr'>Sulla</span> <span class='ocrx_word' id='word_1_298' title='bbox 1258 3717 1307 3799; x_wconf 89' lang='lat'>18,</span> <span class='ocrx_word' id='word_1_299' title='bbox 1327 3719 1378 3786; x_wconf 80' lang='lat'>51,</span> 
     </span>
     <span class='ocr_line' id='line_1_35' title="bbox 239 3816 928 3902; baseline 0.003 -20"><span class='ocrx_word' id='word_1_300' title='bbox 239 3816 314 3882; x_wconf 91' lang='lat' dir='ltr'>Und</span> <span class='ocrx_word' id='word_1_301' title='bbox 337 3816 421 3881; x_wconf 79' lang='lat' dir='ltr'>iifter</span> <span class='ocrx_word' id='word_1_302' title='bbox 442 3817 494 3882; x_wconf 91' lang='lat' dir='ltr'>bei</span> <span class='ocrx_word' id='word_1_303' title='bbox 516 3818 594 3884; x_wconf 88' lang='lat' dir='ltr'>ihm.</span> <span class='ocrx_word' id='word_1_304' title='bbox 640 3819 732 3883; x_wconf 83' lang='lat' dir='ltr'>Elben</span> <span class='ocrx_word' id='word_1_305' title='bbox 755 3839 790 3881; x_wconf 87' lang='lat' dir='ltr'>so</span> <span class='ocrx_word' id='word_1_306' title='bbox 812 3821 928 3902; x_wconf 67' lang='lat' dir='ltr'>spiter.</span> 
     </span>
    </p>

    <p class='ocr_par' dir='ltr' id='par_1_6' title="bbox 236 3915 1379 4512">
     <span class='ocr_line' id='line_1_36' title="bbox 320 3915 1379 4004; baseline 0.003 -22"><span class='ocrx_word' id='word_1_307' title='bbox 320 3917 411 3983; x_wconf 86' lang='lat' dir='ltr'>Naoh</span> <span class='ocrx_word' id='word_1_308' title='bbox 434 3921 557 4004; x_wconf 75' lang='grc'><strong>88181118,</strong></span> <span class='ocrx_word' id='word_1_309' title='bbox 580 3921 726 3986; x_wconf 80' lang='lat' dir='ltr'>similiter</span> <span class='ocrx_word' id='word_1_310' title='bbox 747 3942 778 3984; x_wconf 88' lang='lat' dir='ltr'>u.</span> <span class='ocrx_word' id='word_1_311' title='bbox 802 3919 989 3986; x_wconf 69' lang='lat' dir='ltr'>consimiles:</span> <span class='ocrx_word' id='word_1_312' title='bbox 1017 3920 1147 3987; x_wconf 85' lang='lat' dir='ltr'>Plaut.</span> <span class='ocrx_word' id='word_1_313' title='bbox 1172 3915 1292 4004; x_wconf 85' lang='lat' dir='ltr'>Amph&#39;.</span> <span class='ocrx_word' id='word_1_314' title='bbox 1316 3921 1379 3985; x_wconf 84' lang='lat'>443</span> 
     </span>
     <span class='ocr_line' id='line_1_37' title="bbox 236 4020 1379 4107; baseline 0.003 -24"><span class='ocrx_word' id='word_1_315' title='bbox 236 4024 302 4084; x_wconf 90' lang='lat' dir='ltr'>tam</span> <span class='ocrx_word' id='word_1_316' title='bbox 338 4020 532 4085; x_wconf 85' lang='lat' dir='ltr'>consimilist</span> <span class='ocrx_word' id='word_1_317' title='bbox 561 4025 657 4107; x_wconf 86' lang='lat' dir='ltr'>atque</span> <span class='ocrx_word' id='word_1_318' title='bbox 685 4044 754 4107; x_wconf 86' lang='lat' dir='ltr'>ego.</span> <span class='ocrx_word' id='word_1_319' title='bbox 799 4021 884 4086; x_wconf 85' lang='lat' dir='ltr'>Ter.</span> <span class='ocrx_word' id='word_1_320' title='bbox 913 4021 1042 4086; x_wconf 92' lang='lat' dir='ltr'>Phorm.</span> <span class='ocrx_word' id='word_1_321' title='bbox 1072 4021 1132 4106; x_wconf 90' lang='lat' dir='ltr'>prl.</span> <span class='ocrx_word' id='word_1_322' title='bbox 1155 4024 1194 4086; x_wconf 88' lang='lat'>31</span> <span class='ocrx_word' id='word_1_323' title='bbox 1219 4043 1260 4085; x_wconf 88' lang='lat' dir='ltr'>ne</span> <span class='ocrx_word' id='word_1_324' title='bbox 1282 4022 1379 4086; x_wconf 89' lang='lat' dir='ltr'>simili</span> 
     </span>
     <span class='ocr_line' id='line_1_38' title="bbox 237 4122 1377 4207; baseline 0.001 -20"><span class='ocrx_word' id='word_1_325' title='bbox 237 4127 364 4187; x_wconf 91' lang='lat' dir='ltr'>utamur</span> <span class='ocrx_word' id='word_1_326' title='bbox 386 4122 519 4186; x_wconf 86' lang='lat' dir='ltr'>fortuna</span> <span class='ocrx_word' id='word_1_327' title='bbox 539 4125 635 4207; x_wconf 86' lang='lat' dir='ltr'>atque</span> <span class='ocrx_word' id='word_1_328' title='bbox 657 4124 706 4188; x_wconf 86' lang='lat' dir='ltr'>usi</span> <span class='ocrx_word' id='word_1_329' title='bbox 734 4146 853 4188; x_wconf 87' lang='lat' dir='ltr'>sumus.</span> <span class='ocrx_word' id='word_1_330' title='bbox 897 4122 1004 4188; x_wconf 87' lang='lat' dir='ltr'>Lucr.</span> <span class='ocrx_word' id='word_1_331' title='bbox 1034 4124 1072 4206; x_wconf 89' lang='lat'>3,</span> <span class='ocrx_word' id='word_1_332' title='bbox 1102 4125 1121 4188; x_wconf 88' lang='lat'>8</span> <span class='ocrx_word' id='word_1_333' title='bbox 1149 4123 1316 4188; x_wconf 87' lang='lat' dir='ltr'>consimile</span> <span class='ocrx_word' id='word_1_334' title='bbox 1341 4163 1377 4172; x_wconf 91' lang='lat'>-</span> 
     </span>
     <span class='ocr_line' id='line_1_39' title="bbox 238 4223 1379 4309; baseline 0.001 -20"><span class='ocrx_word' id='word_1_335' title='bbox 238 4246 275 4289; x_wconf 89' lang='grc'>88</span> <span class='ocrx_word' id='word_1_336' title='bbox 297 4223 391 4287; x_wconf 83' lang='lat' dir='ltr'>fortis</span> <span class='ocrx_word' id='word_1_337' title='bbox 414 4225 487 4309; x_wconf 89' lang='lat' dir='ltr'>equi</span> <span class='ocrx_word' id='word_1_338' title='bbox 509 4225 567 4288; x_wconf 88' lang='lat' dir='ltr'>vis.</span> <span class='ocrx_word' id='word_1_339' title='bbox 612 4224 690 4290; x_wconf 85' lang='grc'><strong>018.</strong></span> <span class='ocrx_word' id='word_1_340' title='bbox 726 4224 817 4289; x_wconf 87' lang='lat' dir='ltr'>Verr.</span> <span class='ocrx_word' id='word_1_341' title='bbox 847 4226 882 4303; x_wconf 89' lang='grc'>3,</span> <span class='ocrx_word' id='word_1_342' title='bbox 913 4225 954 4289; x_wconf 85' lang='grc'><strong>83</strong></span> <span class='ocrx_word' id='word_1_343' title='bbox 982 4224 1102 4308; x_wconf 91' lang='lat' dir='ltr'>aliquid</span> <span class='ocrx_word' id='word_1_344' title='bbox 1130 4225 1169 4290; x_wconf 92' lang='lat' dir='ltr'>ab</span> <span class='ocrx_word' id='word_1_345' title='bbox 1192 4228 1254 4290; x_wconf 84' lang='lat' dir='ltr'>isto</span> <span class='ocrx_word' id='word_1_346' title='bbox 1278 4227 1379 4290; x_wconf 86' lang='lat' dir='ltr'>simile</span> 
     </span>
     <span class='ocr_line' id='line_1_40' title="bbox 239 4325 1378 4410; baseline 0.002 -22"><span class='ocrx_word' id='word_1_347' title='bbox 239 4366 276 4375; x_wconf 90' lang='lat'>-</span> <span class='ocrx_word' id='word_1_348' title='bbox 302 4328 398 4409; x_wconf 83' lang='lat' dir='ltr'>atque</span> <span class='ocrx_word' id='word_1_349' title='bbox 420 4348 439 4389; x_wconf 88' lang='lat' dir='ltr'>a</span> <span class='ocrx_word' id='word_1_350' title='bbox 462 4327 574 4390; x_wconf 88' lang='lat' dir='ltr'>ceteris</span> <span class='ocrx_word' id='word_1_351' title='bbox 608 4347 676 4391; x_wconf 89' lang='lat' dir='ltr'>esse</span> <span class='ocrx_word' id='word_1_352' title='bbox 704 4326 837 4391; x_wconf 87' lang='lat' dir='ltr'>factum.</span> <span class='ocrx_word' id='word_1_353' title='bbox 882 4325 963 4390; x_wconf 92' lang='lat' dir='ltr'>Phil.</span> <span class='ocrx_word' id='word_1_354' title='bbox 995 4330 1028 4408; x_wconf 94' lang='grc'>1,</span> <span class='ocrx_word' id='word_1_355' title='bbox 1056 4327 1076 4391; x_wconf 89' lang='grc'><strong>3</strong></span> <span class='ocrx_word' id='word_1_356' title='bbox 1110 4325 1257 4391; x_wconf 87' lang='lat' dir='ltr'>similiter</span> <span class='ocrx_word' id='word_1_357' title='bbox 1285 4330 1378 4410; x_wconf 91' lang='lat' dir='ltr'>atque</span> 
     </span>
     <span class='ocr_line' id='line_1_41' title="bbox 237 4426 1377 4512; baseline 0.001 -21"><span class='ocrx_word' id='word_1_358' title='bbox 237 4428 305 4512; x_wconf 92' lang='lat' dir='ltr'>ipse</span> <span class='ocrx_word' id='word_1_359' title='bbox 328 4448 426 4511; x_wconf 86' lang='lat' dir='ltr'>eram,</span> <span class='ocrx_word' id='word_1_360' title='bbox 449 4432 652 4493; x_wconf 86' lang='lat' dir='ltr'>commotum.</span> <span class='ocrx_word' id='word_1_361' title='bbox 696 4448 728 4491; x_wconf 92' lang='lat' dir='ltr'>n.</span> <span class='ocrx_word' id='word_1_362' title='bbox 750 4426 781 4490; x_wconf 92' lang='lat' dir='ltr'>d.</span> <span class='ocrx_word' id='word_1_363' title='bbox 804 4427 878 4509; x_wconf 85' lang='lat'>3,3</span> <span class='ocrx_word' id='word_1_364' title='bbox 907 4427 1056 4492; x_wconf 85' lang='lat' dir='ltr'>similiter</span> <span class='ocrx_word' id='word_1_365' title='bbox 1086 4428 1167 4493; x_wconf 82' lang='lat' dir='ltr'>facis</span> <span class='ocrx_word' id='word_1_366' title='bbox 1199 4450 1236 4492; x_wconf 90' lang='grc'>88</span> <span class='ocrx_word' id='word_1_367' title='bbox 1270 4428 1297 4492; x_wconf 89' lang='grc'>81</span> <span class='ocrx_word' id='word_1_368' title='bbox 1327 4449 1377 4492; x_wconf 88' lang='lat' dir='ltr'>me</span> 
     </span>
    </p>
   </div>
   <div class='ocr_carea' id='block_1_3' title="bbox 0 0 1479 5062">
    <p class='ocr_par' dir='ltr' id='par_1_7' title="bbox 0 0 1479 5062">
     <span class='ocr_line' id='line_1_42' title="bbox 0 0 1479 5062; baseline 0 0"><span class='ocrx_word' id='word_1_369' title='bbox 0 0 1479 5062; x_wconf 95' lang='lat' dir='ltr'> </span> 
     </span>
    </p>
   </div>
  </div>
 </body>
</html>
