2932 5056
709 296 937 359 -258-

259 468 293 509 re
320 484 352 493 —
379 446 480 509 merui
502 449 538 510 ut
560 446 689 524 faceres,
712 445 797 530 quod
819 447 908 510 fecis.
954 446 996 511 So
1026 445 1108 509 auch
1137 447 1195 510 das
1227 448 1399 531 Deponens

251 547 303 610 tei
337 546 442 611 Plaut.
480 546 544 610 und
564 546 660 612 Ter.
693 549 793 616 Andr.
831 552 857 629 1,
891 549 921 624 5,
943 549 986 612 46
1009 571 1107 613 unum
1132 549 1192 614 hoc
1216 549 1303 629 scio,
1336 571 1399 612 esse

251 648 399 712 meritum
423 654 459 713 ut
480 671 600 714 memor
621 671 706 714 esses
729 650 787 714 sui.
835 648 891 713 Bei
914 650 1061 715 Cicero
1084 673 1146 715 nur
1168 652 1230 716 ein
1255 651 1342 714 Mal:
1364 651 1398 714 de

252 771 300 814 or.
328 753 342 813 1
373 755 393 832 ξ
422 750 485 814 232
507 751 673 835 respondit
694 773 763 816 sese
785 752 938 816 meruisse
965 756 1001 817 ut
1028 753 1236 837 amplissimis
1271 752 1400 817 honori·

252 853 311 915 bus
334 855 367 915 et
393 853 544 937 praemiis
572 851 735 918 decoraret
721 857 783 918 t.ur
828 853 927 919 Sonat
959 854 1018 917 hat
1049 877 1085 919 er
1118 877 1179 918 nur
1213 854 1400 930 Finalsatae

253 955 361 1019 wisa.
387 953 423 1017 B
445 977 477 1018 n.
501 954 530 1019 d.
557 957 584 1038 1,
607 955 659 1036 24,
683 956 723 1019 67
747 955 878 1019 undl
841 957 1010 1020 din-ter
1046 956 1143 1021 Dann
1181 960 1249 1022 erat
1288 958 1402 1021 wieder

254 1056 354 1120 Ovid
377 1059 416 1118 ιι.
440 1056 470 1138 3,
494 1059 523 1134 4,
547 1058 590 1121 35
611 1078 670 1141 pro
692 1060 726 1120 tc
748 1061 785 1120 ut
806 1078 992 1121 voveam-
957 1060 1152 1123 -mcreris
1198 1058 1287 1124 val.
1306 1058 1402 1124 Max.

252 1159 282 1234 6,
308 1158 339 1239 2,
366 1159 401 1220 11
427 1161 463 1220 ut
449 1158 680 1222 tatribunali
703 1164 956 1223 summoveretur
984 1163 1151 1223 meruerat.
1198 1162 1229 1237 7,
1252 1162 1363 1225 3ert.
1385 1161 1404 1223 9

251 1280 389 1323 cum-
412 1261 604 1324 meruissent
625 1263 662 1323 ut
684 1281 793 1324 eorum
831 1261 941 1323 urbem
969 1261 1114 1325 funditus
1143 1259 1288 1326 Romani
1318 1280 1404 1326 ever·

255 1365 324 1425 tere
346 1360 473 1426 vellent
518 1360 602 1429 Tac
633 1384 708 1426 ann.
739 1362 776 1439 2,
804 1363 845 1426 37
874 1365 1058 1426 meruerant
1079 1368 1115 1426 ιιι
1136 1367 1288 1447 posteros
1311 1364 1405 1428 habe

253 1470 337 1531 rent.
365 1501 398 1511 -
424 1463 485 1528 Die
519 1462 748 1529 construction
771 1464 832 1527 mit
861 1464 933 1527 dem
962 1464 1090 1531 blossen
1121 1464 1217 1528 Infin.
1239 1464 1407 1529 erscheint

251 1566 314 1630 seit
335 1565 483 1650 Propera.

336 1668 505 1732 Promerco
524 1672 574 1731 ut:
602 1666 730 1730 Plaut.
757 1666 843 1731 Men.
869 1667 952 1730 1100
973 1668 1176 1750 promeruisti
1200 1672 1237 1731 ut
1263 1669 1407 1753 nequid

250 1790 330 1846 ores,
355 1768 439 1852 quod
462 1769 550 1849 velis,
574 1769 651 1852 quin
674 1770 836 1852 impetres,
882 1768 959 1833 Cic.
989 1769 1027 1834 ad
1059 1768 1118 1844 Qu.
1154 1772 1196 1833 fr.
1222 1772 1251 1847 1,
1281 1773 1298 1832 1
1323 1774 1344 1852 5
1367 1772 1409 1834 30

253 1872 286 1935 in
310 1870 523 1954 promerendo
547 1876 582 1934 ιιι
603 1870 662 1933 tibi
685 1872 769 1935 tanti
793 1872 930 1936 honores
959 1870 1161 1935 haberentur.
1207 1872 1277 1935 Der
1312 1872 1409 1937 lnfiu.

253 1977 319 2037 erst
341 1973 385 2036 im
408 1971 591 2055 Spttlatein
616 1971 671 2036 des
695 1970 851 2036 Sedulius.
878 2011 914 2021 -
939 1972 1089 2038 Emerere
1115 1977 1152 2036 ut
1172 1973 1230 2036 fiat
1253 1978 1411 2039 aeternus

251 2073 359 2138 Lact.
383 2074 414 2158 4,
437 2074 488 2155 25,
511 2077 539 2137 6.
564 2112 601 2150 7-
628 2073 708 2137 Dem
746 2074 979 2158 entsprechend
1012 2074 1115 2138 findet
1141 2074 1210 2139 sich
1238 2077 1327 2140 auch
1358 2077 1411 2148 bei

338 2174 468 2258 Diqaus
504 2176 556 2238 ein
594 2174 851 2239 Substantivsata
888 2177 946 2240 mit
981 2182 1034 2254 ut,
1067 2175 1184 2260 jedoch
1226 2177 1326 2242 nicht
1365 2183 1411 2242 im

255 2276 453 2342 klassischen
482 2275 606 2340 Latein.
651 2276 776 2341 Plaut.
801 2279 866 2345 mil.
892 2278 973 2341 1140
995 2299 1061 2341 non
1089 2299 1159 2342 sum
1182 2277 1306 2362 dignus
1328 2302 1412 2364 prae

253 2386 285 2444 te
308 2384 343 2443 ut
365 2379 464 2464 figam
488 2378 596 2462 palum
619 2380 652 2442 in
669 2378 834 2462 parietem.
872 2379 971 2444 Sonst
985 2379 1043 2442 hat
1057 2401 1091 2443 er
1107 2378 1158 2443 dic
1172 2379 1412 2467 regelmiissige

253 2481 616 2562 Relativconstruction,
651 2480 771 2545 welche
804 2481 836 2544 in
866 2481 1025 2546 manahen
1053 2481 1110 2545 der
1137 2503 1202 2545 nun
1224 2480 1411 2567 folgenden

254 2583 377 2648 Stellen
401 2583 563 2648 entweder
583 2582 821 2647 unausfdhrbar
843 2584 919 2648 oder
941 2582 1110 2647 stilistisch
1125 2603 1163 2646 au
1179 2582 1295 2649 tudeln
1311 2591 1410 2652 ware.

254 2684 450 2769 Unmuglich
486 2708 513 2749 z.
543 2684 582 2748 B.
618 2689 703 2748 witre
740 2684 786 2749 sie
815 2684 867 2749 bei
896 2685 976 2754 Liv,
999 2686 1056 2767 24,
1083 2686 1140 2766 16,
1167 2685 1206 2748 19
1227 2685 1334 2772 digna
1357 2711 1412 2753 res

253 2788 320 2850 visa
353 2792 389 2851 ut
421 2787 625 2850 simulacrum
658 2786 811 2850 celebrati
844 2787 911 2850 eius
945 2786 1007 2850 diei
1038 2786 1201 2851 Gracchus
1234 2824 1281 2835 —
1310 2789 1411 2874 pingi

255 2889 390 2952 iuberet.
436 2891 503 2952 Aus
536 2888 757 2951 stilistischem
785 2887 915 2952 Grundc
949 2888 1037 2952 steht
1064 2894 1116 2953 ut:
1159 2889 1209 2967 23,
1232 2889 1288 2972 42,
1315 2893 1359 2954 13
1384 2894 1412 2955 si

258 2991 363 3072 modo,
387 3010 466 3074 quos
488 2993 525 3053 ut
547 2990 650 3054 socios
670 2989 806 3060 haberes
829 2989 945 3073 dignos
975 2989 1103 3073 duxisti,
1133 2989 1218 3054 haud
1247 2992 1411 3077 indignos
1449 2998 1460 3007 “

253 3092 374 3156 iudicas
397 3112 477 3175 quos
502 3128 538 3139 -
562 3090 690 3158 tuearis.
737 3091 831 3154 Dunn
863 3095 929 3156 erat
955 3093 1071 3156 wieder
1102 3092 1153 3156 bei
1190 3091 1291 3157 Ovid
1327 3116 1410 3161 rem.

253 3216 315 3260 am.
338 3195 401 3258 275
425 3196 460 3257 ιιι
489 3193 605 3257 coniux
632 3214 733 3257 essem
764 3198 835 3272 tua,
867 3192 967 3277 digna
995 3193 1134 3261 videbar.
1178 3192 1353 3269 Quintil.
1378 3199 1408 3277 8,

252 3298 283 3378 5,
311 3297 349 3359 12
371 3317 442 3359 eras
473 3295 591 3378 dignus
625 3298 662 3358 ut
693 3293 827 3360 haberes
863 3295 1023 3378 integram
1061 3317 1191 3359 inanum
1229 3297 1289 3377 (ist
1327 3299 1411 3364 aber

253 3398 393 3462 fremdes
416 3395 528 3480 citat).
563 3396 608 3478 12,
634 3397 684 3478 11,
707 3397 749 3460 24
771 3396 887 3482 dignus
910 3397 959 3460 vel
982 3396 1053 3480 ipso
1076 3397 1242 3480 proposito
1268 3402 1306 3462 ut
1329 3422 1408 3466 eum

253 3502 349 3565 scisse
371 3500 479 3564 omnia
501 3497 677 3561 credamus.
723 3496 817 3562 Mart.
846 3498 895 3579 10,
918 3499 970 3578 34,
993 3500 1014 3562 5
1036 3498 1152 3582 dignus
1175 3519 1208 3560 es
1234 3501 1273 3562 ut
1294 3505 1409 3584 possis

253 3640 295 3650 —-
318 3623 455 3666 servare.
480 3637 520 3647 -
543 3598 715 3663 Trebell.
740 3600 802 3664 Sal.
826 3600 908 3663 Gall.
931 3601 952 3664 3
974 3622 1078 3684 neque
1101 3600 1187 3664 enim
1210 3599 1303 3685 digni
1328 3611 1410 3670 suut

253 3726 361 3769 eorum
384 3703 528 3786 plerique
554 3705 591 3766 ut
620 3701 766 3765 volumen
788 3701 899 3765 talium
929 3702 1095 3766 hominum
1124 3701 1235 3765 saltem
1260 3706 1408 3772 nomini·

253 3806 313 3869 bus
350 3808 568 3887 occuparetur.
623 3802 716 3867 Nach
753 3803 823 3867 dem
862 3803 1132 3886 unperstnlichen
1175 3805 1307 3887 dicaam
1344 3815 1409 3874 est:

255 3906 411 3990 Vopisc.
437 3905 529 3968 Proh.
546 3907 587 3969 23
611 3926 677 3970 non
700 3906 784 3968 enim
808 3906 942 3987 dignum
965 3905 1027 3968 fuit
1047 3905 1275 3989 utquadrigae
1290 3911 1407 3990 tyran·

254 4029 368 4071 norum
392 4008 475 4070 bono
499 4006 637 4090 principi
659 4007 879 4070 miscerentur.
924 4006 1016 4070 Eben
1045 4028 1080 4071 so
1113 4006 1216 4074 hact.
1244 4010 1281 4090 4,
1304 4009 1361 4089 22,
1385 4013 1407 4076 3

254 4112 376 4193 negant
398 4109 535 4193 denique
557 4107 626 4173 Deo
650 4108 782 4192 dignum
806 4113 842 4172 ιιι
863 4109 958 4172 homo
980 4109 1050 4171 fieri
1080 4108 1184 4172 vellet.
1230 4113 1404 4193 August.

256 4213 314 4276 civ.
340 4211 376 4274 D.
399 4211 429 4287 2,
451 4213 472 4273 4
494 4211 524 4273 d.
549 4215 616 4274 erat
636 4214 674 4273 ιιι
695 4213 853 4273 curarent.
876 4210 907 4290 2,
932 4209 971 4272 12
991 4210 1160 4293 indignum
1174 4211 1288 4275 fuitut
1303 4212 1405 4277 male-

256 4314 383 4376 diceret.
421 4314 450 4391 3,
476 4313 515 4374 12
538 4311 603 4374 ind.
626 4316 696 4374 erat
724 4316 760 4374 ut
790 4311 941 4374 latitaret.
972 4312 1007 4389 7,
1037 4312 1086 4375 ll.
1130 4310 1222 4374 Nach
1255 4312 1403 4377 solchem

257 4432 301 4476 un
310 4411 602 4497 pershnlichen
636 4411 816 4497 Hauptsatz
843 4411 943 4475 findet
971 4413 1040 4476 sich
1068 4412 1168 4478 sehon
1190 4412 1240 4475 bei
1264 4413 1402 4479 Plautus
