2956 5054
729 324 939 392 ..78..

258 478 493 552 necessitudine
521 479 756 566 dignissimum.
810 481 985 546 Besonders
1015 479 1123 546 starhe
1151 477 1316 569 Hauluug
1353 483 1411 549 mit

260 582 585 669 Zwischeugliedern:
609 584 647 648 de
668 605 712 649 or.
732 588 758 667 l,
780 583 833 663 20,
848 583 900 649 90.
924 622 965 632 -
982 582 1209 649 Paarweise
1225 586 1411 670 gagliedert

258 688 293 751 iu
322 686 378 750 der
400 685 511 751 Oratio
541 685 740 751 bimembris:
776 685 842 751 Cic.
871 686 910 749 ad
939 685 999 761 Qu.
1031 687 1069 751 fr.
1093 687 1121 765 2,
1155 688 1204 770 10,
1231 690 1246 750 l
1272 693 1309 752 tn
1334 710 1409 753 vero

260 793 295 852 ut
317 810 368 852 me
390 793 423 852 et
451 787 594 872 appelles
622 791 655 851 et
680 788 879 873 interpelles,
909 792 943 853 et
968 787 1142 872 obloquare
1165 792 1200 852 et
1222 789 1410 874 colloquare

260 890 365 955 velim.
411 888 490 953 niv.
514 889 544 968 9,
569 889 611 953 24
639 910 694 954 vos
721 892 754 953 et
780 889 888 953 decern
922 911 1054 953 numero
1081 894 1114 954 et
1146 890 1233 973 quod
1262 890 1339 974 plus
1363 898 1411 956 est

260 991 395 1056 Romani
418 1032 460 1042 -
483 991 576 1074 99119,
606 994 639 1055 91
667 990 754 1055 locus
776 1012 835 1076 pro
869 990 956 1055 vobis
986 995 1020 1056 et
1045 1012 1108 1055 nox
1137 991 1207 1056 erit.
1254 991 1351 1057 Eheu
1376 1015 1410 1057 so

261 1094 310 1157 bei
332 1115 388 1159 aee
411 1131 446 1140 —-
468 1114 540 1172 nee;
563 1091 625 1177 vgl.
641 1093 794 1177 Nligelsb.
811 1091 883 1157 Stil.
901 1095 930 1173 ὅ.
950 1093 1009 1157 113
1031 1092 1095 1157 und
1119 1099 1219 1157 unteu
1236 1095 1269 1174 5.
1286 1095 1363 1174 323,
1383 1098 1408 1159 1.

345 1194 426 1259 Dass
460 1196 511 1259 die
544 1195 604 1259 deu
642 1195 808 1261 einzelnen
842 1194 994 1259 Gliedern
1031 1196 1409 1279 untergeordneten

260 1298 434 1362 Satztbeile
462 1298 519 1361 der
542 1297 760 1362 Deutlichlreit
786 1317 899 1381 wegen
926 1296 960 1360 in
983 1295 1038 1360 der
1061 1295 1160 1380 Regel
1190 1297 1284 1363 nicht
1306 1299 1408 1364 durch

259 1405 296 1481 et,
320 1399 459 1463 sonderu
487 1399 588 1464 durch
615 1421 675 1482 qao
695 1400 771 1464 oder
798 1404 893 1481 utque
914 1397 1119 1482 angelrnitpft
1141 1398 1288 1484 werden,
1321 1403 1410 1486 zeigt

264 1504 294 1582 §-
311 1501 384 1583 316,
410 1503 442 1587 13
465 1501 544 1564 iiber
566 1501 616 1565 die
632 1501 893 1586 Abweichungen
917 1521 982 1564 von
1003 1499 1060 1563 der
1078 1498 1180 1584 Regel
1204 1523 1230 1566 a.
1254 1502 1407 1566 ebendas.

261 1602 318 1666 Nr.
341 1603 371 1667 3.

345 1704 437 1769 Auch
458 1726 514 1770 nec
529 1745 567 1752 -—
584 1727 639 1771 aec
653 1706 739 1770 kann
764 1705 836 1770 dem
849 1710 880 1771 et
895 1744 933 1752 -
950 1709 979 1769 et
993 1703 1247 1789 untergeordnet
1262 1707 1408 1771 werden:

260 1806 337 1872 Cic.
363 1806 451 1872 Brut.
474 1807 525 1873 62.

344 1912 373 1990 ξ.
396 1909 469 1973 322.
506 1908 593 1974 Statt
622 1914 650 1974 ct
672 1948 712 1957 -
734 1915 762 1975 et
788 1910 879 1994 giebt
907 1930 941 1974 es
969 1909 1121 1993 folgende
1143 1908 1305 1974 seltenere
1329 1909 1410 1975 Ver·

259 2009 461 2094 hinduugeu:

348 2114 374 2178 l.
415 2110 480 2191 Qae
501 2115 528 2175 ct
550 2111 649 2178 findet
669 2112 738 2177 sich
758 2134 843 2178 nwar
864 2112 898 2177 in
920 2112 1006 2177 allen
1022 2111 1205 2190 Zeitaltern,
1231 2113 1314 2178 fehlt
1330 2116 1410 2179 aber

261 2213 313 2276 hei
336 2210 464 2295 Cicero,
488 2212 624 2296 Suetou,
649 2213 767 2298 Nepos,
790 2214 912 2299 Florus,
935 2213 1059 2294 Juatiu,
1083 2214 1143 2277 den
1168 2213 1301 2299 Scriptt.
1327 2215 1407 2282 hist.

258 2317 347 2399 Aug.
378 2314 441 2378 und
467 2314 616 2379 Aurelius
638 2314 770 2398 Victor,
801 2317 916 2402 gewiss
949 2314 1030 2381 anch
1059 2314 1142 2381 noch
1177 2316 1228 2380 bei
1251 2316 1407 2383 anderen.

258 2415 303 2482 ns
327 2415 489 2480 erseheiut
510 2414 611 2480 sehon
633 2417 685 2481 bei
708 2417 833 2482 Plaut.
862 2418 981 2504 Amph.
1011 2418 1070 2501 prl.
1099 2419 1120 2483 5
1152 2419 1346 2503 peregrique
1376 2423 1410 2485 et

258 2518 354 2582 domi.
403 2517 499 2585 Poen.
534 2518 594 2603 prl.
619 2520 642 2587 3
670 2518 822 2603 sileteque
854 2524 889 2584 et
917 2523 1021 2585 tacete
1046 2523 1144 2604 atque
1178 2521 1321 2585 animum
1352 2520 1407 2586 ad·

260 2620 382 2683 vortite.
428 2619 514 2685 Ter.
537 2619 615 2685 Hee.
637 2621 668 2705 3,
689 2622 721 2705 5,
745 2623 786 2686 38
809 2643 944 2706 amoque
972 2625 1006 2686 et
1026 2620 1120 2686 laudo
1142 2627 1175 2686 et
1197 2622 1408 2688 vehementer

259 2720 412 2785 desidero.
457 2721 552 2786 Danu
586 2726 650 2786 erst
679 2722 794 2786 wieder
824 2723 876 2787 bei
904 2722 1011 2790 Caes.
1040 2722 1070 2788 b.
1098 2744 1129 2808 g.
1150 2725 1179 2806 7,
1201 2724 1243 2788 2l
1266 2746 1407 2809 suosque

259 2823 417 2887 -iussit
445 2827 478 2887 et
504 2823 653 2892 ostendit.
697 2822 789 2889 Sall.
812 2824 843 2889 J.
872 2824 923 2903 26,
950 2824 1037 2888 luti
1064 2846 1159 2908 99999
1188 2829 1222 2889 91
1249 2826 1407 2910 oppidum

258 2924 375 2990 tradat.
420 2927 471 3005 55,
497 2926 510 2988 1
537 2946 632 3009 99999
660 2928 693 2990 91
715 2927 900 2993 exercitum.
945 2926 994 3007 76,
1017 2926 1038 2990 6
1061 2925 1177 3011 1119999
1206 2930 1240 2991 91
1261 2927 1405 2993 domum.

258 3026 300 3090 89
322 3026 428 3109 ibique
451 3031 483 3090 et
505 3027 537 3090 in
566 3031 653 3091 omni
678 3028 798 3092 Africa.
843 3028 882 3091 91
907 3049 1002 3112 seque
1031 3028 1239 3094 9119199919.
1288 3030 1361 3111 104,
1390 3033 1401 3094 l

258 3127 392 3212 illosque
420 3133 453 3192 et
481 3127 611 3193 Sullam.
657 3128 750 3197 Fehlt
782 3132 827 3193 im
855 3128 994 3203 Catilina
1026 3129 1202 3195 desselben.
1235 3169 1272 3178 -·
1305 3129 1406 3197 Bell.

259 3230 311 3294 Af
316 3252 340 3294 r.
371 3230 412 3295 72
434 3230 635 3314 speciemque
662 3235 695 3295 et
717 3232 879 3298 virtutem.
925 3232 966 3296 93
988 3253 1083 3316 seque
1111 3235 1144 3296 et
1165 3253 1230 3295 sua.
1256 3269 1296 3279 -—
1319 3231 1405 3299 Liv.

259 3334 289 3414 1,
311 3332 354 3396 43
376 3331 531 3417 hastaque
560 3336 593 3395 et
620 3332 758 3418 gladius.
802 3333 833 3415 2,
855 3334 897 3397 59
925 3332 1081 3418 signaque
1111 3337 1143 3397 et
1164 3332 1304 3398 ordines.
1351 3335 1404 3417 39,

259 3434 299 3498 19
320 3434 476 3520 signaque
499 3436 532 3497 et
554 3456 653 3498 arma.
698 3437 727 3516 4,
750 3436 792 3499 53
814 3435 991 3518 plausuque
1013 3438 1046 3499 et
1067 3456 1208 3499 assensu.
1252 3435 1282 3513 5,
1305 3434 1349 3498 49
1373 3458 1403 3499 u.

256 3536 296 3598 51
332 3534 437 3619 diique
471 3541 504 3600 et
536 3537 691 3601 homines.
735 3535 787 3618 21,
816 3536 867 3612 30,
885 3557 995 3598 omues
1026 3539 1203 3620 gentesque
1231 3539 1264 3599 et
1290 3538 1405 3605 terrae.

255 3635 308 3718 29,
331 3636 373 3698 22
395 3657 507 3702 omnes
530 3638 692 3723 legatique
715 3641 747 3703 et
769 3636 900 3702 tribuni.
937 3637 989 3720 24,
1012 3637 1054 3702 39
1074 3637 1215 3721 fugaque
1231 3642 1264 3701 et
1280 3638 1403 3708 caedes.

256 3738 309 3819 25,
332 3737 372 3801 37
397 3738 564 3823 caedisque
589 3748 623 3804 et
649 3739 825 3824 sanguinis.
869 3738 921 3817 39,
947 3739 985 3802 10
1013 3759 1203 3824 pugnaeque
1231 3743 1265 3802 et
1291 3737 1402 3824 fugae.

255 3839 308 3920 43,
339 3839 359 3902 5
388 3840 580 3924 rapinasque
608 3846 641 3905 et
672 3841 828 3906 incendia.
872 3840 923 3924 26,
952 3841 994 3904 48
1024 3840 1196 3924 laudesque
1223 3845 1257 3904 et
1283 3846 1402 3925 grates.

257 3938 307 4017 22,
329 3940 369 4002 41
395 3940 561 4025 plebisque
589 3946 622 4005 et
643 3943 784 4006 omnium
813 3942 970 4007 ordinum.
1015 3941 1067 4020 29,
1091 3941 1133 4006 25
1155 3941 1404 4026 gubernatores-

257 4065 317 4127 que
345 4047 378 4106 et
407 4044 553 4127 magistri
581 4044 711 4109 navium
735 4048 767 4108 et
789 4044 857 4108 hini
880 4043 1008 4108 milites.
1053 4042 1297 4127 Eigennamen:
1326 4045 1358 4125 4,
1382 4045 1403 4106 6

257 4144 504 4227 Cincinnatique
537 4147 569 4207 et
594 4144 782 4228 Capitolini.
826 4145 879 4227 24,
908 4146 948 4208 47
981 4144 1159 4228 Arpinique
1191 4148 1224 4208 et
1251 4142 1400 4210 Romani.

256 4248 308 4329 43,
331 4246 373 4310 23
406 4245 544 4309 dimissis
574 4245 805 4330 Chaonumque
837 4250 869 4310 et
897 4247 923 4309 si
953 4247 1007 4330 qui
1045 4244 1101 4310 alii
1127 4244 1281 4329 Epirotae
1311 4249 1402 4313 erant

256 4346 435 4433 praesidiis.
478 4347 530 4425 44,
553 4348 817 4431 291tomauique
840 4352 873 4412 et
896 4347 1085 4419 Macedones
1108 4351 1141 4411 et
1161 4347 1250 4411 socii.
1298 4347 1400 4429 (Aber

256 4451 349 4518 nicht
374 4452 420 4533 10,
443 4451 494 4535 30,
519 4451 564 4531 2).
609 4448 679 4514 Nur
701 4449 752 4511 eiu
776 4448 842 4514 Mal
869 4449 1017 4514 schliesst
1038 4448 1108 4512 sich
1137 4449 1185 4512 bei
1211 4448 1399 4533 Liuiusque
