2910 5048
701 303 907 367 ,22-

233 463 288 527 scd
310 461 435 525 ederet
457 464 561 524 tamea
582 460 635 523 fiir
658 458 713 522 das
739 456 886 522 einfaehe
906 462 934 522 51
956 457 1273 540 51555155115111115,
1297 479 1325 521 z.
1345 456 1380 521 B.

233 562 350 647 Amph.
383 563 463 626 1024
492 583 556 625 non
586 560 712 644 negabo
743 559 858 623 debere
891 565 924 623 et
952 558 1044 628 daho.
1095 559 1176 624 Rud.
1207 561 1270 624 923
1309 560 1382 624 sine

232 666 319 729 lucro
348 669 380 727 et
408 663 636 727 eundemne.
686 661 773 725 Pers.
805 660 866 724 798
894 661 972 725 haec
1006 661 1128 725 scivisti
1156 664 1189 725 et
1215 683 1268 726 me
1298 661 1379 726 cela·

233 765 329 830 visti?
358 765 474 832 Bacch.
507 765 589 829 1195
616 762 705 827 lubet
732 765 765 825 et
792 765 910 825 metuo.
955 761 1044 826 Trin.
1076 763 1138 827 618
1166 766 1202 826 ut
1229 764 1381 828 inimicos

232 873 303 932 tuos
333 866 485 931 ulciscare
514 870 546 930 et
580 866 659 929 mihi
687 903 729 911 —
757 863 876 927 referas
903 865 1053 947 gratiam.
1103 864 1199 928 Most.
1228 867 1272 929 52
1299 865 1382 928 mihi

235 971 347 1034 benest
369 973 401 1032 51
422 969 483 1033 1151
506 968 627 1033 malost.
655 1005 691 1013 -
717 967 759 1031 So
789 965 873 1030 'oster
895 967 938 1030 im
962 965 1081 1049 Dialog
1109 988 1165 1030 zur
1188 966 1383 1052 Einleitung

234 1073 321 1136 einer
336 1069 600 1156 gegentheiligen
617 1068 705 1150 (oder
720 1067 984 1150 abweiohenden)
1002 1068 1235 1153 Behanptung:
1262 1068 1381 1133 Bacch.

234 1175 274 1238 78
304 1173 369 1237 scio
397 1171 472 1255 qnid
502 1192 574 1255 ago.
625 1169 689 1248 „Et
716 1191 776 1254 ego
807 1170 872 1234 scio
900 1171 977 1254 quid
1005 1175 1146 1234 metuo.“
1195 1171 1381 1236 (1511155511-

237 1275 336 1340 licher
359 1274 402 1338 ist
424 1273 493 1337 hier
510 1272 628 1364 jedoch
653 1277 695 1337 51.

320 1375 459 1440 (licere
483 1373 659 1458 gebraueht
687 1395 721 1437 es
743 1373 881 1439 seltener
909 1374 942 1437 in
971 1375 1032 1438 den
1056 1374 1164 1438 Reden
1189 1376 1237 1438 als
1261 1376 1295 1439 in
1319 1376 1383 1439 den

235 1476 519 1562 philosophischen
550 1475 723 1540 Schriften.
770 1474 861 1564 Rosc.
902 1479 973 1541 Am.
996 1478 1018 1539 4
1038 1481 1147 1540 tamen
1170 1478 1284 1559 ¹animo
1316 1499 1383 1542 non

235 1579 381 1644 deficiam
405 1583 436 1643 51
458 1578 490 1641 id
512 1578 595 1662 quod
618 1578 743 1661 suscepi
768 1615 805 1624 —-
831 1579 998 1661 perferam.
1041 1603 1071 1663 p.
1099 1577 1196 1643 Arch.
1221 1582 1239 1644 7
1265 1580 1383 1644 sinon

236 1682 289 1744 hic
311 1684 422 1744 tantus
445 1679 569 1744 fructus
591 1679 811 1743 ostenderetur
834 1681 914 1743 etsi
938 1704 976 1744 ex
1000 1680 1049 1744 his
1072 1681 1185 1744 studiis
1209 1681 1383 1745 delectatio

236 1783 304 1846 sola
319 1786 490 1866 peteretur,
514 1785 621 1846 tamen
639 1784 693 1848 ott.
732 1781 817 1866 legg.
843 1785 872 1861 1,
899 1784 937 1845 14
951 1783 1005 1866 qui
1028 1782 1109 1844 nihil
1132 1783 1265 1846 alterius
1286 1806 1384 1847 cansa

237 1884 334 1948 faciet
362 1871 396 1948 et
422 1885 572 1947 metietur
600 1883 665 1947 suis
696 1882 871 1947 commodis
900 1884 1016 1946 omnia.
1061 1885 1095 1966 2,
1130 1885 1164 1947 17
1194 1906 1262 1949 non
1294 1881 1384 1949 enim

236 1990 322 2050 recte
345 1985 563 2050 existimamus
579 2024 620 2034 —
636 1989 669 2049 et
684 1983 889 2068 opinionibus
906 1985 992 2069 vulgi
1009 1987 1150 2068 rapimur
1172 1987 1206 2050 in
1229 2008 1384 2051 errorem.

236 2089 275 2151 21
306 2087 367 2152 hoc
396 2108 469 2150 vero
498 2087 578 2151 nihil
612 2088 652 2151 ad
681 2086 881 2170 pontificium
915 2086 964 2149 ius
998 2091 1029 2150 et
1057 2111 1074 2151 e
1102 2088 1206 2152 medio
1234 2093 1284 2152 est
1311 2089 1385 2153 inre

237 2189 333 2254 civili.
373 2187 463 2252 Brut.
478 2189 520 2252 56
543 2188 624 2253 nihil
647 2189 733 2252 enim
748 2194 816 2251 tarn
839 2187 993 2252 dissimile
1015 2211 1111 2274 qnam
1128 2189 1224 2255 Oottn
1239 2190 1385 2275 Sulpicio

237 2296 270 2356 51
299 2293 432 2374 uterque
461 2290 645 2373 aequalibus
674 2290 739 2354 suis
769 2290 941 2373 plurimum
969 2292 1137 2374 praestitit.
1183 2292 1270 2357 Lael.
1300 2294 1320 2357 8
1351 2296 1386 2358 in

239 2393 381 2457 amicitia
404 2396 511 2455 autem
534 2391 616 2454 nihil
638 2392 747 2455 fictum
771 2395 827 2470 est,
851 2391 933 2455 nihil
955 2393 1150 2473 simulatum,
1175 2399 1208 2457 et
1229 2395 1386 2478 quidquid

239 2499 296 2572 est,
319 2494 352 2558 id
375 2497 407 2558 51
429 2515 537 2557 verum
553 2497 602 2557 est
625 2497 657 2557 et
680 2493 902 2561 voluntarium.
939 2492 978 2558 de
1001 2515 1068 2558 sen.
1093 2496 1212 2579 [lquod
1236 2496 1386 2587 equidem

238 2596 343 2660 adhuc
371 2595 568 2677 nonanis,
597 2600 630 2660 et
657 2594 771 2659 videtis
799 2616 900 2658 annos
924 2600 977 2677 (=
1001 2600 1034 2659 et
1061 2600 1184 2674 tamen,
1216 2619 1280 2661 was
1306 2599 1387 2662 aber

239 2698 447 2763 nnmittelbar
469 2696 586 2760 darauf
606 2697 713 2782 folgt).
751 2696 841 2760 acad.
869 2700 896 2779 1,
923 2696 962 2760 12
984 2698 1066 2761 nihil
1090 2699 1271 2764 affirmatur
1294 2704 1327 2764 et
1351 2702 1385 2764 in
1414 2704 1416 2708 ”

239 2805 405 2885 utramque
428 2803 552 2884 partem
576 2799 675 2863 multa
698 2799 907 2867 disseruntur.
944 2799 975 2880 2,
998 2801 1038 2864 37
1064 2823 1166 2885 neque
1189 2806 1300 2866 natum
1324 2826 1386 2867 un·

238 2924 334 2988 quam
357 2907 389 2967 et
411 2903 650 2986 sempiternum.
689 2902 743 2965 fin.
759 2902 788 2980 2,
813 2902 833 2965 9
855 2923 919 2966 non
936 2903 1070 2966 nimium
1086 2905 1186 2987 probo
1203 2910 1234 2969 et
1257 2908 1385 2970 tantum

240 3007 345 3089 patior
367 3009 420 3068 ott.
444 3008 523 3068 orat.
546 3004 588 3068 58
611 3003 665 3067 sed
687 3005 792 3067 omnis
821 3025 881 3068 nec
905 3004 1088 3069 claudicans
1110 3026 1169 3070 nec
1191 3008 1282 3089 qnasi
1308 3007 1386 3072 flnc-

241 3112 336 3172 155115
358 3111 387 3171 et
409 3105 585 3189 aequaliter
600 3108 847 3189 constanterque
869 3105 1053 3191 ingrediens
1077 3109 1139 3189 (wo
1156 3107 1279 3171 Piderit
1300 3108 1385 3173 nach

240 3209 330 3273 Bake
357 3210 411 3273 sed
438 3207 600 3287 schreibt).
644 3206 683 3270 de
711 3229 756 3272 or.
779 3208 809 3286 3,
833 3208 874 3271 23
898 3230 1022 3272 summa
1051 3210 1113 3273 iam
1142 3215 1305 3275 senectute
1336 3216 1386 3276 est

240 3316 273 3376 et
301 3310 443 3396 quotidie
472 3311 714 3374 commentatur.
760 3308 853 3375 Tusc.
887 3314 913 3392 1,
941 3312 961 3375 3
989 3315 1025 3375 ut
1054 3316 1140 3375 recte
1167 3313 1239 3395 quis
1266 3316 1385 3378 sentiat

241 3419 274 3478 et
295 3414 341 3492 id,
366 3412 449 3497 quod
472 3411 580 3495 sentit,
602 3411 701 3495 polite
725 3413 830 3497 eloqui
852 3435 918 3476 non
941 3413 1050 3496 possit.

327 3514 436 3580 Caes.
459 3514 536 3598 hg.
553 3516 582 3596 4,
606 3514 647 3577 36
670 3519 796 3596 portum
822 3535 934 3597 capere
958 3536 1021 3577 non
1039 3519 1213 3598 potnerunt
1234 3522 1267 3582 et
1289 3518 1383 3602 paulo

241 3616 326 3681 infra
348 3615 471 3680 delatae
493 3619 579 3679 sunt.
618 3615 679 3679 Mit
701 3637 754 3680 uc:
777 3638 825 3698 cp.
842 3617 888 3680 35
909 3616 1063 3699 impetum
1078 3616 1188 3682 hostes
1210 3619 1295 3682 ferre
1317 3642 1383 3684 non

241 3722 416 3803 potuerunt
443 3739 479 3781 ac
501 3721 594 3801 terga
616 3721 789 3782 verterunt.
836 3717 909 3781 Wie
938 3718 1037 3782 oben:
1064 3720 1093 3801 5,
1117 3720 1136 3783 8
1163 3740 1291 3784 cursum
1319 3744 1382 3786 non

241 3819 346 3884 tenuit
367 3824 400 3883 et
422 3819 548 3903 longius
571 3819 695 3883 delatus
718 3822 772 3882 511.

327 3924 395 3984 Ans
424 3920 577 3986 Sallust
609 3920 696 3984 511111
722 3919 813 3984 Kritz
841 3944 916 3987 nur:
948 3921 1019 4006 lug.
1052 3925 1121 4003 107,
1151 3925 1171 3986 3
1200 3923 1283 3987 nihil
1312 3926 1382 3989 dolo

242 4025 362 4089 fectum
385 4045 423 4089 oc
445 4023 548 4107 magis
571 4023 744 4087 calliditate
765 4022 956 4107 Jugnrthae.

327 4124 461 4210 virgil
494 4126 551 4189 hat
583 4123 666 4188 nach
702 4124 881 4210 l‘orbiger's
915 4126 1016 4190 Index
1052 4150 1113 4191 nur
1146 4128 1235 4193 eine
1268 4130 1381 4194 Stelle:

243 4228 300 4292 ecl.
323 4229 354 4309 5,
378 4228 419 4291 89
442 4231 474 4291 51
495 4231 564 4293 5151
586 4231 654 4292 turn
677 4226 792 4310 dignus
816 4229 916 4291 amari
940 4235 995 4312 (ε
1017 4234 1203 4312 ettamen).
1240 4214 1249 4230 ’

328 4328 415 4392 Hor.
439 4351 486 4412 ep.
510 4331 540 4411 2,
569 4333 594 4412 1,
616 4331 658 4394 53
681 4332 713 4392 51
736 4329 896 4393 mentibus
919 4331 1039 4395 haeret.

329 4430 427 4496 Ovid
464 4436 536 4499 met.
570 4435 599 4512 3,
633 4432 695 4495 456
729 4435 761 4493 51
797 4439 945 4496 amarunt
982 4455 1030 4496 me
1067 4456 1190 4518 quoqne
1224 4438 1383 4522 nymphae
