2820 5056
772 308 1002 371 -272-

294 465 428 546 -lerque
462 462 636 526 elementis.
682 461 741 526 Boi
777 460 912 524 Livius
944 458 1061 522 wieder
1095 459 1141 521 als
1170 457 1336 524 Scblusslh

302 564 473 629 'Partitioz
507 564 542 640 9,
573 562 612 625 19
640 564 741 626 restat
766 565 801 625 ut
824 561 934 644 copiae
956 559 1058 643 copiis
1081 565 1316 643 comparentur.

324 666 429 729 blosse
451 664 598 729 Infinitiv
620 685 681 727 nur
703 662 754 727 bei
780 661 943 726 Dichtern.

405 767 552 850 Superest
572 770 608 830 ut
629 765 729 829 findet
751 763 820 828 sich
841 762 933 827 nicht
955 785 1010 827 vor
1025 762 1127 827 Plin.
1144 785 1194 847 ep.
1214 767 1242 845 1,
1268 767 1296 846 1,
1318 765 1338 827 2

321 873 371 933 esb
392 874 428 933 ut
450 891 510 932 nec
533 871 565 930 te
589 866 714 930 consilii
736 886 795 929 nec
818 888 868 930 me
890 865 1055 949 paeniteat
1077 866 1232 949 obsequii.
1279 855 1338 929 Voi

321 974 386 1036 eret
414 969 531 1034 wieder
561 968 610 1031 bei
639 966 830 1045 Lactana,
860 965 916 1030 der
947 966 1024 1030 aber
1047 967 1145 1046 anch,
1168 968 1229 1030 wie
1251 967 1338 1032 schor

320 1072 382 1136 den
405 1071 533 1135 blossen
556 1070 652 1134 Infin.
676 1072 780 1158 sebai.

405 1172 435 1238 6.
483 1171 541 1236 Bei
570 1171 632 1235 den
660 1168 929 1253 unperabnlichen
960 1168 1087 1257 Verben
1122 1171 1251 1234 interest
1277 1171 1339 1233 und

322 1275 420 1339 deren
443 1273 659 1356 Subjectssata
681 1271 716 1335 in
738 1271 795 1342 der
816 1269 917 1355 Regel
940 1271 1039 1335 durch
1063 1271 1135 1335 eine
1157 1270 1338 1335 Infinitivco

321 1378 391 1440 lion
426 1374 502 1439 oder
534 1375 628 1438 einen
659 1372 837 1436 indirecten
866 1371 1038 1457 l'ragesabz
1071 1372 1214 1456 gebildet
1246 1374 1338 1452 wird,

323 1477 392 1543 sich
414 1482 450 1542 ut
470 1477 505 1539 in
527 1475 583 1538 der
605 1473 858 1538 archaistischen
881 1472 951 1538 Zeia
973 1496 1034 1538 nor
1056 1475 1120 1538 ein
1143 1472 1226 1538 Mal:
1249 1473 1329 1538 Ter.

322 1581 352 1661 3,
379 1581 406 1659 1,
429 1579 471 1643 58
494 1576 573 1642 illud
596 1575 762 1660 permagni
785 1575 905 1639 referre
927 1576 1075 1654 arbitror,
1098 1581 1135 1640 ut
1156 1598 1197 1640 ne
1220 1579 1338 1641 sciente

322 1682 382 1745 liat
404 1684 435 1744 te
458 1680 490 1743 id
513 1678 574 1743 sibi
602 1679 698 1742 dare:
731 1680 799 1741 Ans
827 1678 883 1740 der
911 1676 1111 1742 klassischen
1132 1676 1234 1742 Prosa
1262 1677 1338 1742 werd

324 1781 402 1846 zwei
425 1780 544 1846 Stellen
578 1779 634 1843 der
662 1778 768 1843 Briefe
798 1778 942 1862 Ciceros,
973 1802 1029 1843 aua
1059 1784 1203 1863 sp’aterer
1233 1779 1303 1844 zen
1328 1802 1338 1842 ι

323 1883 462 1948 sicheres
485 1882 573 1947 uitat
594 1881 649 1944 des
673 1879 793 1945 Sueten
815 1879 1006 1963 angefbhrt:
1036 1880 1115 1947 cie.
1140 1881 1181 1946 ad
1203 1881 1274 1946 Ata.
1301 1884 1338 1961 ll¹

325 1987 421 2049 etiam
443 1983 520 2049 illud
544 2005 615 2047 mea
636 1983 745 2067 magui
769 1983 918 2063 interest,
947 1987 979 2047 te
1001 1986 1037 2047 ul
1059 1983 1194 2048 videam.
1239 1983 1326 2047 Aber

324 2087 381 2150 ist:
414 2086 492 2149 fam.
521 2088 556 2166 3,
585 2086 620 2167 5,
649 2086 670 2148 5
698 2084 862 2168 utriusque
892 2089 1037 2148 nostrum
1067 2086 1177 2171 magni
1205 2086 1338 2149 interest

324 2187 447 2251 videam
470 2186 555 2273 ante]
581 2208 676 2270 quam
699 2184 846 2264 decedas,
876 2206 923 2248 wo
950 2187 1000 2250 die
1023 2187 1332 2272 eingeklammerleu

321 2288 412 2353 nicht
443 2286 730 2367 handscbriftlich,
768 2287 906 2350 sondern
939 2288 1010 2352 eine
1043 2288 1242 2374 Ergbnzuug
1274 2288 1338 2352 sind

326 2390 427 2476 Beleg
447 2392 503 2455 fiir
524 2388 641 2455 Caesar
662 2388 750 2453 kann
772 2387 864 2452 nicht
885 2389 995 2474 gellen
1003 2439 1012 2474 ,
1034 2412 1101 2454 was
1123 2388 1225 2458 Suet.
1246 2389 1311 2454 Jul.
1333 2393 1338 2451 l

322 2493 431 2557 selben
454 2490 610 2575 sprechen
632 2491 725 2555 lfissb:
755 2511 820 2554 non
848 2495 913 2555 lam
941 2511 998 2555 sua
1026 2514 1121 2575 quam
1149 2492 1228 2575 reip.
1250 2492 1338 2555 interi

324 2594 431 2658 salvus
454 2598 547 2658 esset.
578 2592 773 2657 Ausaerdem
798 2593 911 2656 eiliren
934 2592 985 2656 die
1000 2593 1117 2658 Lexiea
1138 2615 1200 2658 nur
1221 2594 1306 2658 noch
1327 2615 1338 2656 e

323 2695 445 2761 Stellen
467 2717 523 2759 aus
546 2699 694 2779 spbleren
716 2696 860 2759 Auloren
883 2695 948 2758 und
976 2717 1059 2759 zwar
1084 2695 1138 2759 for
1163 2699 1293 2761 inlaesi
1314 2695 1338 2758 ei

323 2797 394 2881 aige
416 2819 473 2861 aus
496 2797 566 2861 dem
585 2797 745 2881 jbngeren
768 2795 942 2860 Plinius:
972 2797 1106 2861 interest
1127 2801 1237 2861 lamen
1259 2819 1338 2861 exen

325 2920 398 2962 vera
421 2900 588 2963 videantur
603 2899 769 2983 (Georges,
794 2897 878 2961 ohne
894 2897 1037 2982 Ziffern),
1062 2900 1115 2962 fiir
1136 2900 1232 2981 referi
1252 2901 1338 2963 nur(

323 3000 353 3078 3,
377 3000 407 3078 9,
432 3002 449 3064 7
473 3001 537 3063 und
559 2999 696 3064 Juven.
723 3001 776 3077 16,
800 2999 842 3063 58
857 2998 903 3084 fg.
950 2999 1039 3064 Dazu
1065 3002 1154 3064 kann
1181 3000 1235 3065 ich
1257 3001 1338 3065 hinni

324 3101 496 3185 Capitol.
523 3101 617 3193 Gord.
644 3105 680 3165 11
710 3102 844 3165 interest
870 3106 906 3164 ut
932 3105 1268 3169 senatusconsultum
1294 3141 1324 3149 -

205 3275 211 3286 ,
324 3208 527 3289 propagetur.
559 3203 612 3267 Vo
623 3205 719 3288 piso.
736 3203 809 3267 Tac.
827 3203 847 3267 3
863 3203 996 3268 interest
1011 3209 1119 3269 tamen
1134 3206 1315 3270 uinciatur.

324 3307 368 3370 inb
389 3308 451 3370 mir
473 3305 579 3370 nichts
602 3306 756 3370 bekannt.

410 3410 438 3472 7.
481 3406 607 3471 Hochst
628 3389 729 3471 sellan
753 3405 839 3470 steht
859 3413 895 3473 ut
916 3409 1000 3473 nacb
1022 3411 1102 3475 solis
1123 3415 1168 3474 est
1190 3410 1255 3474 und
1277 3411 1338 3494 suf}

324 3513 479 3596 gonligt‘b
534 3508 663 3573 Plaut.
697 3507 815 3573 Bacch.
849 3509 909 3573 491
945 3512 1029 3575 salin
1062 3516 1098 3576 ul
1133 3533 1229 3596 quem
1262 3512 1338 3576 habe

324 3610 449 3675 fidelem
473 3614 527 3674 aut
549 3612 624 3695 quoi
647 3612 768 3694 credas,
791 3611 941 3675 nescias?
978 3611 1054 3681 cic.
1077 3614 1130 3676 off.
1154 3615 1184 3692 3,
1211 3614 1250 3678 18
1273 3614 1338 3697 quic

324 3711 410 3775 salin
433 3715 482 3776 est
503 3712 564 3777 hoc
587 3718 623 3778 nt
651 3735 717 3777 non
744 3712 913 3797 deliquisse
942 3713 1132 3780 videantur?
1177 3715 1272 3780 Tusc.
1295 3717 1331 3798 5,

325 3813 403 3877 sabis
431 3819 481 3878 est
512 3815 598 3879 enim
631 3819 716 3879 certe
743 3815 779 3878 in
809 3815 940 3898 virtute,
970 3821 1006 3879 ut
1032 3819 1160 3882 fortiter
1187 3818 1338 3882 vivamus.

325 3915 355 3996 l,
376 3918 424 3997 ll,
449 3915 468 3979 9
491 3916 570 3980 salis
593 3918 696 3982 visum
718 3920 755 3980 ub
776 3938 876 3981 ovans
899 3919 1009 3982 urbem
1033 3919 1139 3984 iniret.
1184 3919 1286 3984 Sonat
1308 3923 1338 3982 sl

324 4017 478 4082 Infinitiv.
506 4056 537 4064 -
576 4018 652 4082 Erat
678 4019 723 4083 im
749 4018 911 4084 silbernen
934 4019 1047 4086 balcia
1077 4020 1238 4086 ersoheint
1265 4021 1338 4086 utk

324 4122 405 4204 licii:
432 4119 522 4186 Tac.
545 4120 619 4183 dial.
643 4119 684 4182 32
712 4141 771 4184 nec
798 4121 964 4205 quisquam
987 4123 1182 4207 respondeat
1204 4123 1338 4187 sufficere

326 4220 503 4289 doceamur.
548 4220 646 4286 Plin.
670 4242 720 4305 ep.
744 4223 780 4301 9,
802 4222 859 4301 21,
883 4225 902 4288 3
931 4225 1062 4289 interim
1090 4225 1212 4290 sufficit
1239 4231 1275 4290 ut
1296 4247 1338 4289 en

303 4324 421 4387 sinas.
459 4323 521 4387 Mil
541 4345 597 4389 nc:
620 4323 649 4407 9,
667 4325 719 4402 33,
746 4326 780 4387 ll
806 4324 925 4389 sufficit
947 4347 988 4389 ne
1011 4347 1048 4390 ea
1070 4349 1151 4411 quae
1173 4333 1249 4392 sunt
1271 4349 1338 4392 vera

325 4428 429 4490 antur.
