2864 5056
694 321 923 385 -620-

233 475 320 540 steht
336 495 369 538 es
385 472 481 555 dann,
505 495 599 538 wenn
615 474 648 538 in
664 474 720 538 der
734 473 921 558 Erzthlung
937 474 993 539 der
1017 476 1230 539 verneiute
1250 475 1349 560 Haupt

232 581 300 639 sata
328 576 380 640 ein
408 573 681 640 historisches
708 575 848 659 Tempus
878 575 935 640 hat
967 576 1035 640 und
1071 597 1167 640 wenn
1195 577 1292 639 weder
1313 578 1353 640 ein

231 677 344 740 finales
372 676 576 741 Verhdltniss
599 676 682 743 noch
705 676 859 742 indirecte
882 676 969 742 Rode
990 677 1139 762 vorliegt.
1187 677 1240 760 (H.
1255 676 1284 742 S.
1305 681 1354 742 An·

233 783 291 843 ton
313 778 344 844 S.
367 779 435 863 49.)
483 776 531 841 Ist
547 777 628 844 aber
650 778 706 842 der
727 778 770 842 im
795 778 1003 843 Praeteritum
1029 778 1185 844 stehende
1201 778 1356 864 Hauptaatz

232 880 400 964 positiv,
429 900 465 944 so
494 879 594 943 wahlr
622 879 678 945 der
706 879 939 945 Schrittsteller
968 880 1132 945 entweder
1158 880 1357 946 die·ahsolute

232 981 435 1067 Zeitgebung
467 981 567 1045 durch
596 982 651 1046 das
679 980 788 1046 histor.
818 981 903 1046 Perf.
933 982 1009 1046 oder
1041 982 1093 1046 die
1121 982 1254 1047 relative
1278 983 1359 1047 durch

231 1084 293 1148 den
316 1083 409 1167 Conj.
433 1083 489 1147 der
510 1082 777 1168 Nebentempora.

317 1185 443 1250 Plaut.
475 1184 588 1268 Amph.
622 1185 681 1249 102
711 1185 737 1249 11
765 1185 853 1269 prius
882 1208 979 1269 quam
1006 1184 1087 1250 hinc
1114 1186 1195 1250 abiit
1225 1224 1260 1232 -
1288 1187 1339 1250 1001

232 1288 345 1353 Pseud.
369 1288 411 1352 53
433 1287 474 1368 ei,
504 1309 551 1370 pr.
576 1308 627 1370 qu.
656 1286 733 1351 hinc
756 1286 849 1366 abiit,
880 1286 1061 1371 quindecim
1086 1287 1180 1352 miles
1201 1288 1302 1352 minas
1321 1287 1362 1363 de

229 1390 330 1454 derat.
381 1389 452 1453 Aul.
474 1389 504 1466 2,
527 1388 547 1451 2
569 1389 607 1452 31
638 1409 686 1472 pr.
716 1410 767 1472 qu.
797 1388 883 1452 intro
911 1388 1002 1453 redii.
1047 1388 1148 1453 Poen.
1179 1392 1208 1470 1,
1231 1390 1260 1472 3,
1282 1390 1299 1452 7
1325 1401 1370 1473 pr.¹

232 1513 284 1575 qu.
310 1490 450 1555 evocasti
472 1511 533 1554 me.
1187 1524 1189 1528 ·

316 1591 380 1656 For
401 1592 458 1656 die
481 1590 662 1675 llolgezeit,
685 1614 734 1656 wo
757 1592 808 1656 die
831 1591 1059 1657 construction
1082 1591 1178 1655 nicht
1199 1593 1300 1656 selten
1320 1591 1364 1671 111,

232 1693 344 1758 beders
363 1715 397 1758 es
420 1715 481 1757 nur
503 1692 558 1756 des
580 1691 795 1770 Naehvveises‚
820 1694 891 1758 dass
915 1693 966 1757 dle
987 1692 1072 1757 oben
1094 1694 1264 1778 gegebenc
1279 1693 1365 1778 Regel

231 1795 310 1859 iiber
332 1794 383 1858 die
412 1795 629 1879 negativen
652 1792 850 1878 Hauptsiitze
874 1793 1097 1858 vollkommen«
1120 1794 1303 1880 begrdpdet
1321 1795 1364 1858 ist

228 1895 324 1960 Diese
347 1880 583 1980 Beobachtung
605 1894 721 1959 beruht
742 1897 800 1960 auf
818 1896 992 1980 folgenden
1011 1895 1157 1961 Stellen:
1183 1895 1262 1962 Oio.
1285 1895 1365 1961 Verr.

226 1999 258 2078 5,
274 1995 326 2078 22,
342 1999 384 2062 55
406 2019 569 2081 nunquam
600 1997 635 2060 in
650 1995 761 2062 Sicilia
783 1997 978 2062 frumentum
1000 1996 1130 2081 publice
1153 2005 1206 2062 est
1228 2003 1366 2081 emptum,

224 2098 301 2181 quin
317 2097 517 2164 Mamertinis
539 2120 596 2184 pro
618 2099 768 2182 portione
797 2100 1014 2183 imperaretur,
1038 2103 1149 2182 anteq.
1175 2099 1290 2164 1100-
1305 2121 1367 2164 rou·

226 2199 333 2264 silium
355 2200 415 2264 iste
438 2201 534 2265 dedit.
581 2198 662 2265 Phil.
688 2204 715 2278 1,
743 2201 790 2281 10,
825 2200 867 2265 25
888 2199 962 2263 illae
986 2236 1026 2247 -
1049 2200 1137 2264 latae
1161 2207 1246 2281 sunt,
1270 2207 1365 2283 anteq.

225 2302 364 2386 scriptae
388 2305 444 2382 (su.
469 2302 674 2387 1111153,
699 2303 717 2366 l
741 2301 839 2385 quid?
872 2322 936 2366 non
961 2305 1036 2365 ante
1059 2301 1127 2366 lata
1142 2324 1240 2386 quam
1261 2303 1368 2387 scripta

225 2409 296 2470 est?
319 2403 417 2489 quid?
440 2426 506 2467 non
529 2404 747 2469 antefactum
783 2402 917 2467 vidimus
940 2425 1034 2487 quam
1051 2403 1198 2469 futurum
1214 2405 1368 2488 quisquam

225 2511 274 2571 cst
300 2505 504 2591 auspicatus?
527 2528 557 2589 p.
574 2505 656 2570 lllur.
676 2504 725 2586 16,
741 2505 783 2569 34
807 2508 931 2568 tantum
953 2505 988 2568 11
1010 2506 1108 2569 unius
1131 2507 1241 2570 anima
1261 2506 1367 2591 posuit,

225 2613 260 2671 ut
286 2646 326 2655 -
350 2630 415 2673 non
446 2612 522 2672 ante
548 2628 643 2690 quam
670 2606 761 2670 illum
784 2606 851 2670 vita
881 2607 1019 2690 expulit,
1049 2606 1170 2671 bellum
1198 2610 1367 2673 coniectum

225 2709 383 2775 iudicarit.
428 2711 466 2774 de
495 2730 539 2777 or.
566 2707 630 2789 2§
661 2708 720 2772 195
753 2728 818 2772 101
862 2708 950 2789 prins
983 2729 1053 2771 sum
1088 2713 1226 2774 conatus
1259 2710 1368 2774 miseri·

226 2811 365 2874 cordium
389 2810 460 2874 aliis
484 2829 682 2875 commovere
704 2830 799 2893 quam
827 2809 1047 2874 misericordia
1069 2831 1142 2874 sum
1165 2811 1234 2895 ipse
1257 2816 1367 2895 captus.

226 2914 302 2975 l'am.
327 2913 377 2990 10,
401 2912 432 2995 4,
458 2915 474 2975 1
505 2933 564 2976 nec
592 2909 692 2974 multo
720 2915 795 2975 ante
823 2909 941 2975 redisse
968 2911 1028 2975 1011
1057 2933 1155 2995 quam
1179 2935 1218 2976 ex
1241 2914 1368 2997 epistola

225 3017 279 3075 tua
304 3013 448 3098 cognovi.
499 3013 568 3078 At.
585 3014 615 3095 8,
636 3013 670 3075 ll
696 3012 735 3094 1),
759 3014 873 3077 lhaeo
895 3033 962 3077 non
984 3033 1046 3097 ego
1069 3014 1160 3096 prius
1183 3036 1253 3078 sum
1276 3014 1366 3097 suspi-

222 3119 312 3180 catus
339 3136 434 3198 quam
457 3115 536 3179 mihi
566 3114 671 3198 palam
695 3114 885 3179 denuntiata
900 3117 986 3179 eunt.
1032 3113 1145 3179 Brut.
1169 3116 1209 3179 ad
1232 3118 1309 3180 fam.
1327 3117 1368 3197 11,

228 3219 277 3300 13,
302 3217 334 3305 2,
355 3217 503 3282 constitit
534 3235 690 3299 nusquam
723 3237 771 3299 pr.
805 3238 859 3299 qu.
887 3216 927 3279 ad
950 3215 1043 3280 Vada
1076 3217 1177 3281 venit.
1202 3254 1244 3264 —
1269 3217 1368 3283 Caes,

229 3319 256 3382 b.
282 3339 313 3403 g.
337 3319 366 3401 7,
389 3319 431 3383 25
458 3339 518 3382 100
540 3318 627 3403 priua
651 3315 704 3381 ille
727 3322 776 3382 011
796 3317 928 3381 10110111
950 3317 1039 3382 locus
1063 3339 1159 3401 quam
1176 3357 1218 3366 —
1233 3319 1306 3384 finis
1328 3326 1369 3393 eet

224 3419 390 3504 pugnandi
423 3420 535 3484 factus.
580 3419 619 3482 41
653 3441 756 3503 neque
797 3419 893 3483 finem
924 3420 1013 3503 prius
1046 3420 1203 3503 sequendi
1234 3421 1370 3485 feceruut

223 3543 318 3605 quam
347 3543 436 3586 muro
468 3560 504 3569 —
535 3523 843 3606 appropinquarunt
896 3525 924 3600 1,
948 3520 990 3586 53
1012 3541 1118 3605 neque
1147 3523 1236 3604 prius
1265 3524 1370 3606 lugere

226 3623 418 3688 destiterunt
445 3645 540 3708 quam
571 3661 609 3670 —
640 3627 864 3708 pervenerunt.
908 3621 1000 3687 Eben
1029 3644 1066 3686 10
1095 3622 1190 3688 Sall.
1223 3623 1295 3688 Cat.
1323 3625 1369 3701 51,

224 3726 266 3788 34
295 3746 399 3808 neque
426 3726 516 3809 prius
544 3725 619 3789 11111
646 3723 812 3809 iugulandi
841 3723 903 3788 suit
919 3745 1026 3807 quam
1049 3722 1139 3788 Sulla
1169 3746 1282 3790 omnes
1304 3744 1369 3788 snos

227 3825 348 3889 divitiis
381 3828 529 3910 explevit.
572 3826 648 3911 Jug.
676 3827 727 3904 35,
757 3827 785 3890 8.
814 3862 856 3873 -
880 3824 990 3910 Virg.
1021 3827 1060 3890 A.
1083 3825 1115 3907 2,
1147 3826 1208 3890 741
1241 3847 1301 3889 100
1325 3846 1367 3908 pr.

224 3929 349 4011 respexi
377 3949 470 4011 quam
487 3965 527 3975 —
543 3928 699 3992 venimus.
744 3926 880 3992 Livius
903 3927 961 3991 hat
982 3928 1024 3991 20
1047 3926 1156 3992 eolche
1171 3926 1296 3993 Stellen
1315 3925 1367 3990 mit

222 4029 419 4118 verneintem
443 4035 524 4108 uate,
548 4051 610 4093 nur
626 4031 652 4094 3
668 4030 728 4094 mit
744 4030 857 4111 prius:
882 4031 972 4109 1.,11
997 4049 1056 4093 100
1078 4028 1291 4094 ostenderunt
1311 4025 1367 4090 bel-

227 4130 291 4195 lum
315 4154 362 4215 pr.
386 4153 437 4215 qu.
467 4131 655 4195 intulerunt.
700 4131 730 4214 1,
753 4131 795 4195 34
824 4151 883 4194 100
910 4130 1000 4214 prius
1028 4130 1069 4193 ab
1100 4130 1195 4196 hoste
1217 4135 1267 4195 est
1287 4129 1364 4193 visus

225 4253 320 4314 quam
348 4233 428 4316 loco,
452 4254 546 4317 quem
568 4231 708 4316 petebat,
732 4231 1015 4317 appropinquavit.
1053 4233 1083 4314 9,
1106 4233 1159 4315 32,
1183 4234 1214 4298 8.
1251 4233 1288 4296 Iu
1309 4231 1362 4293 den

227 4331 399 4416 folgenden
426 4334 513 4399 steht
535 4338 620 4412 01110,
644 4334 793 4397 verneint
814 4333 915 4398 durch
938 4353 1002 4415 uec,
1024 4353 1125 4415 nequa
1139 4334 1217 4398 oder
1232 4329 1361 4400 noauud

230 4453 315 4497 zwar
344 4435 378 4498 in
408 4436 463 4499 der
485 4435 586 4520 Regel
617 4456 680 4498 von
703 4456 800 4518 quum
821 4438 987 4520 getrennt:
1015 4434 1046 4514 4,
1069 4434 1098 4513 6,
1124 4457 1186 4501 100
1208 4440 1280 4500 ante
1300 4431 1362 4496 11111
