2932 5056
574 310 804 372 -169-

105 461 147 528 Ρ.
178 462 297 545 Apinio
334 462 466 526 dicam?
503 482 636 544 quorum
674 462 798 546 utrique
831 465 965 527 mortem
999 465 1049 526 est
1084 461 1259 526 minitatus

107 562 205 627 Ohne
235 561 431 628 Parenthese
459 564 510 627 bei
538 562 615 631 Liv.
638 565 677 646 4,
698 563 734 646 3,
759 564 798 627 12
825 563 900 646 quid
929 563 1015 627 enim
1044 563 1083 627 de
1105 562 1142 626 Τ.
1166 561 1259 626 'satio

107 664 233 730 Sabino
261 666 382 747 dicam,
411 687 504 748 quem
532 666 600 750 ipse
630 663 786 729 Romulus
815 703 853 710 -
882 665 916 728 iu
948 667 1134 730 societatem
1167 664 1261 749 regni

110 769 248 851 accepit.

196 869 227 934 6.
265 869 366 934 Enim
395 869 489 948 wird,
520 871 579 934 wie
607 891 700 948 aum,
729 869 1042 954 brachylogisch
1072 867 1259 954 gebraucht,

110 969 220 1035 indam
244 973 359 1036 vorhar
381 971 492 1056 irgeud
517 973 568 1035 ein
592 993 630 1035 zu
652 971 914 1056 begriindeuder,
942 993 999 1036 eus
1022 971 1093 1035 dem
1115 969 1259 1056 Vorigen

110 1072 330 1136 erkennbarer
349 1072 502 1137 Gedanka
524 1096 563 1137 zu
585 1073 750 1157 suppliren
773 1074 824 1137 ist.
863 1074 906 1138 So
930 1073 1103 1138 besouders
1126 1072 1175 1137 oft

197 1173 230 1258 a)
257 1175 302 1237 im
318 1173 435 1239 Dialo
443 1196 480 1259 g,
506 1175 556 1239 die
571 1175 783 1260 Erwiderung
805 1175 988 1258 einleitend,
1010 1172 1103 1238 nicht
1124 1196 1186 1238 nur
1209 1174 1260 1237 bei

110 1275 173 1338 den
186 1275 377 1360 Komikern,
390 1277 530 1341 sondern
547 1277 629 1341 auch
644 1278 695 1341 bei
711 1277 831 1342 andern
845 1276 1111 1343 SchriFtstellern.
1135 1275 1260 1340 Plaut.

111 1376 182 1442 Cas.
207 1379 243 1460 2,
266 1379 341 1460 4,1
373 1382 405 1442 te
428 1400 511 1442 ‘uxor
538 1379 645 1443 aiebat
671 1384 727 1443 tua
754 1401 805 1443 me
835 1400 957 1443 vocare.
996 1377 1055 1443 ST.
1080 1377 1152 1462 Ego
1175 1377 1261 1441 enim

111 1479 220 1542 vocari
242 1479 321 1543 iussi
345 1480 424 1565 („ja,
440 1480 577 1564 denn“).
605 1482 635 1563 2,
651 1481 681 1562 6,
701 1482 740 1545 14
762 1481 821 1545 tibi
844 1481 973 1545 daretur
994 1479 1061 1544 illa.
1093 1478 1154 1544 ST.
1178 1478 1260 1542 Mihi

109 1580 206 1644 enim.
241 1580 327 1645 Ter.
351 1580 451 1649 Andr.
474 1583 504 1664 3,
526 1583 557 1666 2,
580 1583 622 1646 22
644 1584 734 1667 quasi
756 1587 792 1646 tu
814 1583 901 1648 dicas
922 1583 1045 1646 factum
1069 1581 1101 1644 id
1124 1580 1260 1645 consiliu

108 1703 191 1746 mco.
223 1680 272 1747 81.
296 1683 390 1747 Certe
413 1685 498 1747 euim
522 1685 598 1748 scio.
629 1685 706 1750 cie.
722 1684 815 1749 Tusc.
842 1687 870 1769 1,
892 1685 913 1750 6
935 1684 1072 1748 disertus
1096 1704 1165 1746 csse
1188 1703 1258 1766 pos·

108 1806 195 1866 sem,
226 1784 253 1847 si
276 1788 387 1848 contra
407 1786 470 1849 ista
493 1786 640 1850 dicerem.
679 1789 718 1849 A.
742 1785 821 1862 Quis
843 1789 928 1851 enim
958 1785 1079 1849 nonin
1103 1784 1259 1848 eiusmodi

108 1886 230 1949 causa?
266 1885 352 1971 legg.
374 1889 410 1965 2,
437 1889 473 1951 11
498 1887 552 1950 sed
577 1888 675 1951 nimis
698 1909 793 1972 saepe
815 1910 905 1953 secus
928 1887 1094 1971 aliquanto
1118 1886 1259 1951 videmus

110 1987 252 2054 evadere.
281 1986 324 2052 M.
340 1987 415 2053 Non
432 1989 529 2070 enim,
553 1987 681 2069 Quinte,
703 1994 790 2054 recte
806 1990 1025 2054 existimamus
1049 1987 1260 2073 („natilrlieh,

109 2088 244 2174 dcun“).
276 2089 363 2154 Aber
385 2089 536 2174 fulgendo
553 2089 660 2172 stelle,
683 2092 733 2155 die
756 2090 851 2155 Hand
872 2091 904 2156 S.
921 2091 985 2156 394
1007 2090 1091 2154 noch
1114 2089 1258 2167 anfdhrt,

110 2190 152 2254 ist
169 2191 253 2274 jetzt
275 2191 444 2274 geiindert:
469 2213 534 2276 rep.
558 2192 588 2274 2,
618 2193 665 2274 15,
688 2192 739 2260 28.
787 2192 943 2258 Unsicher
965 2191 1057 2256 Tusa.
1085 2196 1117 2275 1,
1140 2193 1190 2274 31,
1215 2192 1256 2257 16

112 2293 187 2375 quid
215 2292 335 2356 refert?
373 2292 416 2356 111.
441 2294 568 2357 Adsunt
596 2294 682 2358 enim
709 2296 763 2379 qui
793 2294 872 2360 haec
900 2317 966 2359 uon
993 2294 1131 2378 probent
1160 2296 1195 2378 (i.
1227 2316 1255 2358 e.

112 2394 245 2458 multum
275 2394 390 2473 refert,
419 2395 485 2459 ads.
515 2396 623 2475 enim).
669 2395 711 2461 So
740 2397 822 2460 auch
852 2397 962 2461 Baiter
996 2396 1061 2461 und
1090 2395 1258 2478 Meissner,

111 2495 226 2560 anders
249 2496 352 2579 Sorof,
375 2497 431 2560 der
453 2518 559 2581 gegen
581 2497 631 2561 die
654 2496 798 2562 Hndsch.
822 2498 1016 2562 einschiebt:
1042 2502 1127 2562 certe
1149 2498 1257 2561 refert.

112 2595 172 2660 div.
199 2603 231 2681 l,
253 2599 296 2662 54
322 2604 391 2661 tum
425 2598 587 2664 Socrates:
617 2621 683 2662 non
711 2599 797 2663 enim
825 2600 958 2683 paruisti
989 2594 1067 2663 mihi
1096 2599 1259 2663 revocanti

112 2697 338 2781 („natr“1rlich,
363 2699 502 2784 denn“).
546 2699 639 2765 Eben
662 2722 698 2764 so
725 2702 763 2765 de
786 2723 832 2764 or.
855 2703 892 2781 2,
917 2701 957 2765 10
985 2705 1052 2765 tum
1083 2701 1259 2766 Antonius:

115 2800 182 2865 heri
206 2802 303 2883 enim,
325 2801 438 2884 inquit,
462 2801 523 2865 hoc
547 2801 624 2865 mihi
639 2824 866 2886 proposueram
887 2806 923 2866 ut
945 2808 1000 2867 ott.
1029 2802 1102 2867 Und
1126 2803 1159 2866 in
1175 2803 1260 2868 dem-

113 2903 221 2966 selben
249 2901 351 2967 Sinne
383 2903 434 2966 bei
462 2903 630 2978 Quintil.
654 2905 690 2986 6,
714 2906 750 2987 3,
774 2906 816 2969 63
848 2909 884 2969 tu
911 2906 1014 2988 euim,
1041 2905 1162 2989 inquit,
1191 2927 1256 2968 non

114 3004 205 3068 times
221 3026 263 3067 ne
279 3004 383 3068 lucum
399 3005 521 3089 perdas.
556 3008 586 3086 ξ.
600 3007 639 3070 77
663 3006 729 3070 dies
745 3008 841 3085 enirn,
864 3007 979 3091 inquit,
994 3007 1159 3091 longiores
1175 3011 1258 3073 sunt.

114 3104 214 3173 Plin.
238 3128 288 3189 ep.
313 3108 341 3187 1,
364 3107 393 3185 3,
419 3109 447 3169 1.
477 3129 552 3191 pan.
577 3108 626 3171 10.

196 3206 255 3271 oft
288 3207 364 3271 aber
391 3209 434 3272 ist
460 3210 559 3289 euim,
584 3231 676 3273 wenn
706 3232 738 3274 cs
772 3211 821 3275 bei
850 3210 912 3275 den
934 3210 1111 3275 Komikern
1141 3210 1174 3273 in
1204 3209 1260 3273 dor

114 3309 262 3373 Antwort
284 3308 387 3390 steht,
418 3331 480 3373 nur
501 3309 670 3374 erkliirend
695 3309 901 3394 „nimlich“,
924 3335 951 3376 z.
974 3311 1013 3376 B.
1037 3311 1063 3374 P
1072 3311 1166 3375 lant.
1190 3311 1257 3374 mil.

112 3410 174 3473 429
201 3410 278 3494 quid
308 3410 450 3474 metuis?
487 3410 553 3475 SC.
581 3411 678 3476 Enim
705 3434 747 3476 ne
775 3435 834 3476 nos
861 3418 990 3477 nosmet
1018 3411 1258 3496 perdiderimus.

115 3510 229 3576 Bacch.
254 3512 317 3576 702
338 3534 424 3577 nunc
448 3512 523 3596 quid
546 3516 669 3577 uosvis
691 3514 820 3578 facere?
851 3514 924 3578 CH.
947 3514 1043 3578 Enim
1067 3514 1113 3577 nil
1136 3513 1200 3577 nisi
1223 3519 1260 3578 ut

112 3614 223 3677 ametis
246 3615 382 3697 impero.
418 3614 502 3678 Ter.
519 3614 597 3679 Hec.
620 3615 650 3694 5,
674 3617 696 3679 4
704 3666 712 3698 ,
732 3616 770 3679 10
793 3621 827 3679 at
848 3637 909 3700 ogo
932 3618 1007 3682 scio.
1037 3615 1144 3692 Quid?
1167 3615 1259 3680 Nihil

115 3716 198 3778 enim
248 3714 309 3779 Ad.
333 3716 364 3798 4,
389 3717 417 3795 7,
444 3717 484 3780 12
506 3717 578 3800 quid
602 3739 689 3781 nunc
711 3717 908 3781 futurumst?
933 3717 968 3781 ld
993 3719 1078 3781 enim
1101 3719 1184 3802 quod
1208 3740 1258 3781 res

112 3819 181 3898 ipsa
204 3817 277 3884 fert.
308 3816 435 3886 Phorm.
451 3819 483 3902 4,
499 3820 530 3902 4,
549 3820 586 3884 13
609 3819 683 3903 quid
708 3820 784 3883 fiet?
808 3818 884 3883 Nou
907 3819 992 3882 euim
1016 3819 1118 3884 ducet.
1150 3818 1258 3884 Dahin

110 3917 225 4001 gehdrt
248 3917 330 3982 auch
353 3918 404 3984 die
424 3921 458 3984 in
482 3921 537 3984 der
561 3924 713 3985 Antwort
734 3920 982 3985 vorkommende
1006 3921 1131 3986 Bormel
1154 3923 1259 3987 dmum

111 4022 210 4086 enim:
232 4019 338 4084 Plaut.
363 4020 433 4087 Oas.
458 4022 494 4101 2,
517 4023 554 4104 6,
577 4023 628 4089 20.
665 4022 732 4086 11111.
756 4024 820 4087 8111
845 4043 904 4107 ego
934 4024 1019 4087 enim
1047 4022 1149 4088 dicam
1178 4029 1255 4088 tum.

112 4120 205 4188 Most.
229 4122 294 4187 888
325 4123 411 4186 enim
439 4123 552 4188 dicam.
592 4124 665 4209 Vgl.
689 4124 770 4188 auch
802 4125 852 4187 die
881 4122 1137 4209 Verbindungen
1165 4129 1258 4188 unter
1384 4194 1385 4197 ¹

111 4220 166 4289 Nr.
188 4224 220 4287 4.
247 4260 285 4269 -
322 4222 413 4289 Bloss
442 4225 609 4290 erkltreud
643 4227 707 4290 und
743 4225 845 4291 ohne
867 4224 989 4309 Ellipse
1022 4226 1066 4315 ist
1099 4226 1181 4290 auch
1207 4227 1258 4290 die

113 4326 263 4391 Antwort
299 4326 348 4390 bei
377 4325 456 4393 Cic.
484 4327 573 4392 Brut.
603 4329 645 4392 24
678 4350 736 4393 uec
764 4327 851 4391 enim
879 4332 928 4392 est
958 4327 1083 4408 eadem,
1117 4328 1257 4412 inquam,

113 4423 222 4509 Bruta,
247 4448 354 4494 causa.
