3024 5070
712 287 942 351 -726-

343 437 470 506 Plaut.
495 437 571 503 Gist.
598 441 624 518 l,
647 442 677 520 3,
700 441 722 505 4
749 437 883 521 quodsi
906 438 1067 522 tacuisset,
1096 440 1207 503 tamen
1231 460 1292 522 ego
1316 461 1407 504 eram

260 541 412 607 dicturus.
458 540 555 605 Mero.
579 540 643 603 694
669 541 777 642 decem
806 539 833 602 si
862 539 900 602 ad
931 560 1042 604 cenam
1071 560 1212 604 summos
1234 534 1412 605 invitasset

258 644 352 722 viros,
381 641 516 706 nimium
539 643 720 725 opsonavit.
766 640 875 707 Schon
897 640 968 705 hier
989 643 1032 705 ist
1055 641 1126 706 eine
1150 641 1274 724 Ellipse
1297 663 1337 706 zu
1359 664 1410 706 er·

258 745 402 809 kennen:
426 765 484 826 „er
505 742 562 806 hat
584 765 622 806 zu
644 742 706 807 viel
729 742 924 827 eingekauft,
948 742 1013 806 und
1036 741 1093 806 das
1108 746 1193 806 vvere
1216 742 1299 807 auch
1317 743 1411 808 daun

258 845 343 909 noch
366 867 405 907 zu
427 844 502 922 viel,
532 866 628 908 wenn
650 866 685 909 er
708 848 788 909 ctt.“
833 842 931 908 Persa
953 844 1016 909 595
1039 864 1098 930 ego
1119 843 1174 908 ille
1198 843 1310 908 doctus
1334 845 1411 910 leno

256 968 356 1029 paene
384 946 419 1009 in
445 945 572 1017 foveam
601 945 719 1027 decidi,
749 945 783 1009 ni
816 944 869 1009 hio
896 946 1032 1010 adesses,
1077 944 1170 1012 Truo.
1202 947 1229 1021 l,
1253 945 1281 1023 2,
1307 946 1350 1011 38
1381 947 1411 1010 si

258 1069 325 1112 rem
348 1067 542 1126 servassem,
572 1047 635 1111 fuit
662 1048 718 1111 ubi
745 1046 931 1130 negotiosus
954 1068 1065 1111 essem.
1111 1046 1193 1111 Ter.
1218 1048 1320 1113 Andr.
1347 1049 1413 1113 175

258 1149 410 1227 mirabar,
441 1147 502 1211 hoc
530 1148 557 1211 si
586 1148 631 1213 sic
659 1148 773 1212 abiret.
819 1147 880 1229 691
904 1147 1020 1231 quibus
1041 1148 1168 1232 quidem
1192 1169 1287 1232 quam
1310 1147 1412 1213 facile

228 1277 232 1286 ¹
255 1254 405 1333 potuerat
431 1248 566 1333 quiesci,
596 1250 623 1313 si
652 1249 705 1314 hie
733 1250 882 1334 quiesset.
926 1248 1011 1313 Eun.
1037 1250 1119 1313 1013
1146 1271 1188 1312 an
1218 1249 1413 1333 paenitebat
1509 1241 1511 1245 ’

258 1352 362 1437 flagiti
378 1388 415 1398 -
427 1350 464 1414 ni
478 1351 629 1415 miserum
651 1351 782 1434 insuper
797 1350 893 1415 etiam
909 1351 993 1433 petri
1008 1350 1186 1418 indicarest
1210 1348 1327 1414 Heaut.
1344 1351 1414 1416 634

258 1454 285 1517 si
317 1475 423 1518 meum
457 1452 624 1536 imperium
659 1453 771 1537 exequi
799 1451 968 1534 voluisses,
1002 1452 1228 1535 interemptam
1261 1453 1412 1536 oportuit.

345 1554 425 1619 (lic.
448 1576 479 1638 p.
497 1553 625 1629 Quinct.
645 1554 692 1634 13,
705 1553 751 1618 ’43
773 1556 815 1636 at,
839 1553 866 1616 si
888 1551 921 1615 id
943 1552 1051 1635 velles,
1074 1554 1139 1616 iam
1158 1552 1282 1636 pridem
1299 1557 1413 1617 actum

141 1662 147 1673 '
258 1677 331 1721 esse
347 1660 484 1739 poterat.
508 1676 575 1738 rep.
612 1656 641 1738 3,
659 1655 701 1719 29
717 1676 798 1739 quac
820 1658 946 1738 poterat
968 1675 1037 1718 esse
1059 1658 1225 1738 perpetua,
1249 1655 1276 1717 si
1292 1655 1412 1738 patriis

258 1759 419 1823 viveretur
441 1751 608 1821 institutis.
652 1754 744 1820 Eben
767 1777 803 1820 so
825 1755 900 1820 fam.
927 1756 955 1838 1,
972 1755 1000 1838 7,
1023 1756 1192 1838 lpoterat
1209 1792 1243 1803 -
1261 1755 1289 1818 si
1313 1760 1411 1820 esset

258 1859 321 1924 div.
343 1860 373 1942 2,
396 1858 426 1937 8,
442 1858 481 1921 21
505 1856 637 1921 numid
660 1857 753 1921 vitari
773 1858 882 1939 potuit,
907 1856 934 1920 si
949 1894 990 1904 —
1005 1855 1187 1940 paruisset?
1210 1855 1302 1920 Verr.
1318 1856 1350 1939 3,
1366 1858 1412 1920 49

259 1961 359 2044 pluris
381 1959 504 2024 fructus
520 1995 560 2005 —
576 1958 686 2022 venire
701 1963 882 2041 potueruut,
906 1957 933 2021 si
956 1956 987 2021 id
1009 1962 1042 2021 te
1059 1957 1219 2021 -facere
1241 1958 1409 2022 voluisset.

258 2061 300 2127 52
323 2062 464 2148 relicturi
493 2081 587 2144 agros
609 2081 720 2125 omnes
742 2065 835 2126 eram
857 2058 939 2142 (scil.
964 2063 996 2122 et
1019 2059 1255 2142 reliquissent),
1280 2059 1345 2124 nisi
1368 2059 1411 2123 ad
1439 2101 1445 2108 -

259 2184 314 2226 eos
330 2160 479 2226 Metellus
493 2160 597 2225 Roma
619 2161 743 2225 litteras
764 2160 914 2224 misisset.
960 2159 1022 2226 div.
1048 2160 1075 2238 1,
1096 2161 1133 2224 15
1149 2160 1204 2224 ubi
1226 2165 1297 2226 erat
1317 2181 1411 2225 maa-

256 2284 360 2342 suras,
385 2265 413 2327 si
436 2264 482 2327 ire
505 2263 704 2345 perrexisset.
744 2261 832 2327 Verr.
848 2261 879 2340 5,
895 2261 936 2325 49
955 2261 982 2325 si
1005 2282 1061 2345 per
1083 2259 1120 2325 L.
1144 2261 1312 2327 Metellum
1334 2264 1407 2328 lici·

260 2371 329 2431 tum
353 2370 447 2447 esset,
479 2368 598 2429 matres
619 2363 748 2429 illorum
770 2399 812 2410 —
834 2360 1016 2426 veniebant.
1046 2363 1107 2447 leg.
1131 2361 1220 2427 Man.
1254 2366 1291 2430 17
1323 2365 1410 2448 quod

261 2469 289 2532 si
311 2468 455 2551 privatus
478 2469 563 2531 esset
582 2464 645 2530 hoc
667 2470 822 2549 tempore,
847 2468 956 2527 tamen
978 2464 1006 2526 is
1028 2469 1097 2529 erat
1111 2464 1301 2548 deliqendaa.
1338 2466 1410 2532 Ser·

260 2569 330 2632 vius
353 2568 394 2632 sd
416 2567 491 2632 fam.
514 2567 600 2650 4,’5,
622 2567 644 2630 4
665 2568 692 2630 si
715 2565 775 2631 hoo
796 2569 939 2649 tempore
961 2585 1027 2628 non
1051 2565 1135 2629 diem
1158 2588 1250 2630 suum
1273 2568 1408 2650 obisset,

259 2669 369 2753 paucis
396 2671 469 2752 post
496 2669 590 2732 annis
616 2671 725 2731 tamen
752 2668 782 2732 ei
803 2668 1000 2733 moriecdum
1019 2667 1094 2747 fuit.
1140 2668 1173 2731 in
1197 2667 1308 2733 Vatin.
1336 2671 1366 2752 1,
1389 2671 1410 2734 2

258 2771 406 2847 debuisti,
442 2770 540 2834 etiam
573 2769 598 2832 si
633 2768 715 2833 falso
749 2768 889 2832 venisses
918 2763 951 2833 in
980 2769 1196 2854 suspicionem
1225 2768 1260 2833 P.
1292 2768 1409 2852 Sestio,

258 2875 368 2935 tamen
391 2870 471 2934 mihi
494 2870 670 2954 ignoscere,
693 2869 769 2934 si-
787 2873 820 2934 et
834 2873 972 2954 tempori
988 2853 1057 2937 eius
1072 2875 1105 2935 et
1119 2870 1281 2936 voluntati
1296 2894 1409 2956 parere

258 2972 438 3037 voluissem.
483 2994 512 3054 p.
537 2970 607 3038 Mil.
632 2972 679 3050 ll,
703 2971 740 3036 31
772 2971 855 3055 quod
884 2973 912 3035 si
941 2974 987 3037 ita
1014 2977 1180 3057 putasset,
1212 2978 1300 3037 certe
1321 2978 1409 3056 opta-

261 3074 355 3140 bilius
377 3074 491 3138 Miloni
510 3075 575 3155 suit
596 3072 672 3137 dare
694 3072 849 3156 iugulum.
893 3072 980 3160 legg.
1007 3075 1091 3158 1,19
1114 3072 1243 3138 labebar
1264 3075 1408 3163 longius,

258 3176 322 3239 nisi
345 3197 396 3240 me
418 3175 629 3241 retinuissem.
675 3174 769 3239 Tuae.
797 3175 827 3253 3,
853 3178 879 3252 1,
902 3175 924 3239 2
945 3175 1030 3259 quod
1053 3175 1080 3238 si
1101 3191 1185 3260 tale,
1208 3197 1269 3256 no⁸
1292 3185 1411 3245 natura

258 3277 476 3362 genuisset-
493 3276 578 3341 haud
601 3281 671 3342 erat
692 3297 780 3356 sane,
803 3277 888 3360 quod
912 3277 1044 3360 quisque
1064 3277 1222 3341 rationem
1236 3299 1275 3342 ac
1291 3279 1410 3346 doctri·

259 3401 335 3443 nam
357 3379 541 3463 requireret
585 3378 662 3442 fam.
689 3378 840 3456 12,10,3
862 3378 1024 3461 praeclare
1047 3378 1234 3462 viceramus,
1256 3381 1321 3444 nisi
1337 3404 1410 3466 spo

259 3480 372 3546 lictum
396 3480 603 3564 —Lepidus
635 3478 807 3562 recepisset
829 3480 1019 3544 Antonium.
1063 3480 1154 3544 Eben
1184 3502 1220 3545 so
1249 3481 1290 3545 ad
1304 3483 1409 3562 Brut.
1504 3488 1507 3497 '

227 3626 231 3635 ·
263 3584 292 3664 1,
320 3583 368 3659 15,
399 3583 437 3645 12
460 3581 674 3665 pulcherrime
697 3581 882 3665 viceramus,
905 3581 966 3645 nisi
983 3580 1122 3664 Lepidus
1144 3582 1277 3665 perdere
1301 3587 1412 3650 omnia

260 3722 297 3732 -
323 3683 565 3766 concupivisset.

345 3783 438 3848 llelrlt
461 3783 511 3846 bei
533 3782 659 3848 Caesar.
1157 3866 1159 3870 y

346 3885 518 3950 Sallust:
540 3884 616 3969 Jug.
640 3887 693 3967 85,
714 3885 756 3949 48
786 3907 866 3968 quae
893 3886 919 3948 si
948 3885 1044 3957 dubia
1071 3889 1127 3949 aut
1154 3888 1266 3969 procul
1291 3897 1410 3975 essent,

259 3991 365 4052 tamen
378 4009 489 4051 omnes
503 3986 603 4051 bonos
615 3986 692 4072 reip.
704 3986 873 4050 subvenire
885 3985 1027 4051 decebat.
1055 3987 1102 4065 14,
1115 3988 1144 4051 7.
1155 3987 1196 4050 fr.
1210 3989 1240 4070 3,
1253 3989 1307 4073 81,
1326 3995 1341 4056 1
1355 3993 1410 4059 Kr.

346 4089 453 4174 Virg.
477 4090 516 4151 A.
538 4089 568 4171 2,
590 4088 633 4154 54
652 4087 680 4152 si
705 4088 774 4152 fata
795 4087 897 4167 deum,
925 4088 952 4151 si
973 4109 1064 4152 mens
1085 4109 1151 4152 non
1171 4088 1264 4154 laeva
1285 4092 1411 4173 fuisset,

260 4190 433 4275 impulerat
447 4192 502 4254 ctt.
540 4190 627 4269 4,17
648 4189 675 4253 si
698 4211 764 4253 non
788 4192 967 4273 pertaesum
983 4188 1115 4253 thalami
1130 4191 1310 4275 taedaeque
1334 4195 1412 4262 fuis·

259 4297 309 4356 set
322 4330 361 4342 —
379 4291 469 4376 potui
491 4292 705 4356 succumbere.
754 4293 803 4370 ll,
828 4291 887 4354 112
910 4313 969 4356 nec
991 4291 1074 4368 veni,
1099 4291 1218 4355 nisi-
1234 4292 1413 4364 dedissent

260 4392 354 4459 Hor.
378 4395 429 4457 od.
452 4393 482 4476 2,
508 4394 556 4475 17,
581 4393 621 4456 27
644 4414 696 4456 me
717 4392 902 4475 sustulerat,
926 4391 998 4456 nisi.
1043 4393 1074 4472 3,
1100 4392 1148 4470 16,
1168 4393 1190 4458 3
1211 4396 1412 4480 munierant,
