2956 5054
702 316 935 381 -138-

244 470 352 534 duell
377 466 597 548 verschiedan,
626 467 732 531 indem
762 489 795 530 es
827 467 878 530 dic
901 465 1062 530 Differenz
1084 467 1139 530 der
1161 467 1395 534 verbundenen

243 571 374 636 Glieder
395 568 599 635 hervorhebt.
644 569 688 633 Es
711 567 798 632 steht

327 676 359 756 6)
386 673 429 736 im
453 671 661 755 positiven
685 669 962 735 Urthailssatz
985 670 1049 734 und
1073 692 1157 734 zwar

329 798 360 841 6.
406 774 457 838 bei
487 774 782 857 Gegenslitzen‚
819 772 870 836 die
899 773 1053 836 einander
1080 773 1395 840 ausschliessen.

244 880 311 942 Aua
334 879 390 941 der
411 876 496 940 alten
522 873 592 938 Zeit
613 875 692 938 wird
715 897 776 939 nur
798 874 905 958 wenig
928 875 1029 939 eitirt:
1064 874 1190 939 Plant.
1215 877 1338 960 Amph.
1362 879 1393 960 2,

243 980 273 1060 2,
301 980 360 1044 166
383 982 439 1042 661
459 976 514 1061 pol
537 974 617 1041 haec
646 976 885 1061 praestigiatrix
922 976 1036 1040 mulier
1071 978 1212 1041 maxima
1248 983 1299 1041 est
1337 963 1405 1045 aut(

244 1085 389 1166 pateram
412 1080 465 1142 hic
487 1078 593 1143 inesse
616 1082 750 1162 oportet.
796 1077 878 1141 Ter.
905 1078 1004 1142 Andr.
1027 1079 1057 1160 3,
1083 1080 1119 1160 1,
1142 1080 1164 1143 5
1186 1080 1312 1144 utinam
1337 1085 1395 1145 661

244 1183 296 1248 hic
319 1182 431 1246 surdus
454 1184 509 1244 aut
532 1180 610 1244 haec
633 1184 721 1244 muta
741 1181 828 1245 facta
851 1180 903 1244 sit.
947 1178 1029 1245 Eun.
1052 1181 1081 1259 3,
1105 1182 1137 1262 3,
1160 1183 1281 1246 23661
1304 1183 1395 1248 dicat

244 1285 326 1369 quod
350 1284 417 1347 volt
438 1290 493 1346 aut
516 1283 650 1346 molesta
671 1283 797 1346 666161.
834 1280 962 1345 Phorm.
986 1282 1016 1362 3,
1037 1286 1048 1345 1
1054 1329 1063 1362 ,
1083 1282 1121 1346 19
1136 1304 1193 1364 per
1207 1283 1275 1346 eius
1290 1306 1394 1349 unam

244 1390 362 1450 -aut
388 1386 492 1450 vivam
520 1389 576 1449 aut
602 1385 720 1448 moriar
747 1383 950 1448 sententiam.
995 1382 1073 1449 Cic.
1103 1387 1171 1468 top.
1197 1385 1246 1465 14,
1270 1386 1313 1450 66
1337 1392 1394 1451 661

245 1488 305 1553 166
334 1492 391 1552 661
421 1488 508 1556 illud.
554 1489 646 1552 Tuse.
676 1489 710 1565 1,
741 1487 754 1547 1
786 1493 841 1549 661
869 1485 1030 1550 invenisse
1055 1524 1088 1532 —
1115 1491 1171 1551 aut
1192 1491 1327 1570 accepta
1350 1489 1394 1553 ab

245 1590 310 1653 illis
332 1590 447 1655 fecisse
471 1590 611 1654 meliora.
660 1591 687 1669 1,
714 1590 730 1651 l
755 1591 811 1651 661
833 1586 1002 1651 1166111616
1035 1625 1076 1636 -
1105 1592 1162 1652 661
1197 1589 1279 1653 nihil
1309 1590 1394 1656 dieis

246 1693 387 1757 omnino.
435 1695 461 1772 1,
488 1696 521 1756 ll
548 1696 585 1756 ut
617 1712 704 1755 mors
734 1693 791 1753 aut
823 1689 941 1753 malum
970 1711 1034 1753 non
1064 1689 1107 1754 sit
1128 1695 1184 1755 ant
1205 1691 1248 1756 sit
1270 1693 1394 1758 bonum

247 1795 362 1876 potius.
402 1793 448 1858 lb.
473 1798 503 1876 ξ.
527 1796 568 1858 26
591 1796 646 1857 aut
667 1792 835 1856 beatos-
850 1796 906 1853 aut
927 1813 995 1856 non
1017 1792 1158 1856 miseros.
1182 1793 1270 1857 acad.
1291 1793 1323 1873 2,
1340 1796 1395 1879 30,

245 1895 287 1958 96
310 1899 366 1959 661
391 1934 426 1942 -
453 1896 631 1979 probabitis
653 1898 710 1958 aut
732 1915 784 1957 ars
806 1894 868 1956 ista
891 1893 979 1957 nulla
1003 1897 1060 1958 661.
1106 1895 1145 1959 91
1169 1897 1394 1960 66161661-

244 2000 299 2060 661
329 2019 394 2061 666
426 2000 522 2063 vivet.
567 1998 615 2061 lb.
649 1999 704 2060 aut
734 1996 829 2059 etiam
860 1999 915 2058 661
943 2018 1007 2059 666
1032 1996 1235 2076 (,‚entweder
1252 1998 1289 2081 ja
1312 1999 1396 2064 oder

244 2098 385 2183 nein“).v
414 2098 521 2166 Caes.
545 2099 575 2162 b.
600 2119 631 2181 g.
659 2099 732 2176 1,1.
756 2095 846 2162 Sall.
871 2095 947 2182 Jug.
971 2098 1023 2178 26,
1047 2097 1067 2159 9
1089 2101 1144 2161 aut
1166 2098 1196 2160 vi
1220 2103 1275 2163 aut
1296 2099 1393 2169 dolis.

244 2198 332 2263 Hor.
356 2221 383 2262 6.
407 2223 438 2284 p.
461 2201 523 2265 333
546 2204 601 2264 661
622 2199 772 2283 prodesse
788 2198 901 2263 volunt
916 2202 972 2262 aut
986 2198 1141 2263 delectare
1157 2203 1282 2284 poetae.
1306 2200 1392 2267 Liv.
1423 2221 1426 2226 ’

243 2300 344 2384 praef.
369 2305 399 2383 ξ.
423 2302 519 2367 2661
542 2304 576 2366 16
597 2303 691 2366 rebus
715 2301 830 2365 certius
846 2300 965 2384 aliquid
984 2299 1152 2364 'adlaturos
1175 2324 1208 2367 se
1231 2306 1288 2367 aut
1311 2305 1394 2368 seri-

244 2404 340 2467 bendi
363 2407 431 2468 arte
454 2391 509 2468 611.
556 2403 598 2470 So
621 2404 721 2467 findet
742 2403 809 2467 sich
833 2403 889 2467 der
911 2405 994 2466 erate
1017 2403 1091 2467 Satz
1114 2404 1157 2466 im
1173 2403 1274 2468 Sinna
1297 2405 1391 2470 61666

241 2503 645 2591 Bedingungssatzes
668 2507 843 2589 (66161611
864 2506 958 2588 nisc'):
990 2503 1082 2585 Ib.§.
1102 2506 1139 2567 11
1156 2509 1212 2568 661
1233 2526 1284 2569 me
1300 2528 1393 2571 amor

243 2609 366 2691 negotii
390 2609 529 2693 suscepti
550 2608 636 2672 fallit
663 2613 719 2672 aut
741 2607 831 2672 nulla
853 2627 993 2690 unquam
1016 2627 1099 2690 resp.
1124 2627 1184 2670 nec
1205 2607 1305 2670 maior
1328 2629 1393 2673 nee

244 2710 386 2773 sanctior
411 2713 467 2773 ctt.
512 2709 605 2773 Ebcn
628 2732 663 2775 so
687 2711 717 2791 9,
742 2711 769 2785 7,
795 2710 814 2771 4
843 2713 899 2772 661
920 2707 1068 2772 Romana
1099 2729 1133 2771 se
1162 2708 1312 2792 ignorare
1340 2710 1392 2774 in·

242 2812 339 2894 genia
369 2814 425 2875 661
454 2811 618 2875 silentium
646 2810 724 2874 illud
748 2810 944 2875 Samnitibus
971 2808 1093 2873 flebiles
1121 2809 1209 2873 brevi
1232 2809 1391 2883 clamores

243 2914 445 2998 gemitusque
470 2913 690 2977 excitaturum.
734 2913 784 2990 29,
812 2912 860 2990 17,
883 2914 912 2975 9.

326 3016 357 3095 β.
402 3015 473 3079 Nur
503 3016 553 3079 dia
581 3013 942 3079 Versohiedenheit
970 3014 1025 3076 der
1054 3011 1182 3076 Glicder
1211 3013 1292 3077 wird
1316 3035 1389 3079 aus·

241 3116 415 3200 gedrlickt:
458 3117 537 3184 Ter.
569 3117 668 3181 Andr.
698 3117 740 3180 29
768 3119 823 3179 661
851 3136 948 3199 equos
970 3113 1054 3179 alere
1077 3118 1132 3176 aut
1154 3136 1250 3178 canes
1272 3114 1312 3179 ad
1336 3138 1389 3180 ve·

243 3217 384 3282 nandum
415 3224 471 3284 661
497 3220 535 3283 ad
564 3218 783 3303 philosophos.
828 3216 904 3282 Cic.
932 3215 995 3300 leg.
1028 3214 1114 3283 Man.
1162 3217 1198 3278 11
1229 3237 1309 3300 quos
1332 3222 1389 3282 661

241 3319 378 3385 vidimus
400 3324 456 3385 aut
478 3322 665 3385 audivimus.
705 3319 795 3390 Tuae,
824 3322 851 3399 1,
878 3320 916 3380 15
939 3339 1074 3402 quorum
1097 3321 1154 3381 aut
1175 3318 1308 3403 ingenio
1331 3325 1389 3385 661

241 3422 360 3486 virtute
398 3424 523 3488 animus
559 3422 696 3486 excellit.
742 3424 823 3505 part.
864 3441 909 3484 or.
942 3422 981 3483 14
1009 3424 1065 3484 661
1096 3423 1212 3485 natura
1246 3423 1387 3505 corporis

241 3528 296 3588 661
326 3524 554 3589 consuetudine
590 3523 718 3588 dolendi
746 3526 802 3586 aut
831 3524 917 3585 metu
940 3521 1099 3605 supplicii.
1144 3520 1386 3608 Funfgliedrig:

241 3624 295 3690 off.
323 3629 349 3704 1,
373 3625 403 3700 9,
425 3626 476 3689 28.
500 3648 531 3689 n.
556 3624 587 3687 d.
611 3625 645 3702 3,
672 3626 727 3702 12,
751 3624 801 3688 30.
846 3621 936 3686 Eben
971 3644 1006 3687 66
1038 3623 1145 3687 anr.
1179 3625 1216 3705 4,
1254 3623 1316 3688 933
1340 3625 1384 3709 fg.

241 3726 279 3792 In
317 3727 466 3791 weiteren
506 3726 806 3791 Zwisehenriumen
842 3723 917 3788 funf
952 3723 1016 3788 Mal
1052 3724 1102 3788 bei
1138 3723 1250 3808 Prop.
1275 3726 1305 3807 3,
1333 3727 1383 3804 21,

242 3829 378 3893 21-31,
403 3866 442 3875 -
467 3827 584 3913 Beldge
608 3851 664 3892 aus
686 3830 828 3911 spdterer
843 3825 914 3891 Zeit
935 3827 1005 3890 sind
1030 3825 1229 3910 iiberflllssig.

327 3929 361 4015 b)
405 3929 474 3994 Aut
508 3967 542 3977 —
578 3936 636 3994 661
671 3931 714 3994 161
750 3929 837 3993 einer
873 3927 1143 4009 vorangehenden
1179 3926 1385 4013 Negation

241 4032 510 4115 untergeordnet:
540 4030 587 4095 Pl.
611 4030 729 4095 Bacch.
752 4032 814 4095 616
838 4052 940 4114 neque
962 4029 1130 4114 indignior
1151 4029 1225 4113 quoi
1249 4028 1280 4094 di
1304 4032 1385 4096 bene

240 4134 364 4198 faciant
386 4155 444 4198 nec
468 4155 561 4217 quem
582 4133 681 4198 homo
704 4135 760 4196 661
782 4136 868 4196 amet
888 4136 944 4195 aut
965 4131 1065 4196 adeat.
1111 4130 1269 4198 Ter.Ad.
1289 4133 1386 4197 1166

241 4238 298 4299 661
319 4235 373 4299 1116
396 4235 506 4299 alaerit
536 4241 592 4298 661
620 4234 741 4318 uspiam
766 4233 917 4297 ceciderit
939 4239 995 4297 661
1016 4233 1229 4319 praefregerit
1251 4233 1383 4317 aliquid.

241 4336 318 4402 cic.
342 4335 409 4401 Cat
435 4339 471 4416 1,
501 4338 538 4417 6,
570 4337 610 4400 14
632 4357 673 4399 66
701 4340 756 4398 661
784 4335 943 4399 exstitisse
966 4338 1109 4399 autnon
1132 4333 1293 4400 vindicata
1316 4357 1384 4400 ease

239 4438 394 4503 videatur.
425 4442 453 4520 6.
482 4441 644 4521 ltneque
667 4436 751 4499 enim
774 4438 850 4500 sunt
877 4440 932 4501 661
959 4436 1095 4501 obscura
1117 4440 1260 4501 autnon
1283 4436 1384 4501 multa
