<?xml version="1.0" encoding="UTF-8"?>
<!DOCTYPE html PUBLIC "-//W3C//DTD XHTML 1.0 Transitional//EN"
    "http://www.w3.org/TR/xhtml1/DTD/xhtml1-transitional.dtd">
<html xmlns="http://www.w3.org/1999/xhtml" xml:lang="en" lang="en">
 <head>
  <title>
</title>
<meta http-equiv="Content-Type" content="text/html;charset=utf-8" />
  <meta name='ocr-system' content='tesseract 3.04.00' />
  <meta name='ocr-capabilities' content='ocr_page ocr_carea ocr_par ocr_line ocrx_word'/>
</head>
<body>
  <div class='ocr_page' id='page_1' title='image "./historischesynt02draegoog/historischesynt02draegoog_0506.png"; bbox 0 0 2850 5062; ppageno 0'>
   <div class='ocr_carea' id='block_1_1' title="bbox 655 301 886 365">
    <p class='ocr_par' dir='ltr' id='par_1_1' title="bbox 655 301 886 365">
     <span class='ocr_line' id='line_1_1' title="bbox 655 301 886 365; baseline 0 0"><span class='ocrx_word' id='word_1_1' title='bbox 655 301 886 365; x_wconf 85' lang='grc'><strong>-416-</strong></span> 
     </span>
    </p>
   </div>
   <div class='ocr_carea' id='block_1_2' title="bbox 195 451 1372 4493">
    <p class='ocr_par' dir='ltr' id='par_1_2' title="bbox 196 451 1372 1960">
     <span class='ocr_line' id='line_1_2' title="bbox 197 451 1345 546; baseline 0.005 -32"><span class='ocrx_word' id='word_1_2' title='bbox 197 451 370 535; x_wconf 89' lang='lat' dir='ltr'><strong>imperator</strong></span> <span class='ocrx_word' id='word_1_3' title='bbox 404 474 436 516; x_wconf 89' lang='lat' dir='ltr'><strong>es</strong></span> <span class='ocrx_word' id='word_1_4' title='bbox 469 453 609 530; x_wconf 85' lang='lat' dir='ltr'><strong>futurus,</strong></span> <span class='ocrx_word' id='word_1_5' title='bbox 645 452 720 546; x_wconf 77' lang='grc'><strong>111111</strong></span> <span class='ocrx_word' id='word_1_6' title='bbox 748 454 970 538; x_wconf 77' lang='lat' dir='ltr'><strong>intelligimus,</strong></span> <span class='ocrx_word' id='word_1_7' title='bbox 1016 453 1166 538; x_wconf 82' lang='lat' dir='ltr'><strong>hampr.</strong></span> <span class='ocrx_word' id='word_1_8' title='bbox 1200 455 1300 520; x_wconf 83' lang='lat' dir='ltr'><strong>Diod.</strong></span> <span class='ocrx_word' id='word_1_9' title='bbox 1329 459 1345 519; x_wconf 92' lang='grc'><strong>1</strong></span> 
     </span>
     <span class='ocr_line' id='line_1_3' title="bbox 199 553 1348 642; baseline 0.006 -26"><span class='ocrx_word' id='word_1_10' title='bbox 199 554 275 636; x_wconf 89' lang='lat' dir='ltr'><strong>quid</strong></span> <span class='ocrx_word' id='word_1_11' title='bbox 299 553 374 617; x_wconf 93' lang='lat' dir='ltr'><strong>boni</strong></span> <span class='ocrx_word' id='word_1_12' title='bbox 398 554 506 638; x_wconf 79' lang='lat' dir='ltr'><strong>adepti</strong></span> <span class='ocrx_word' id='word_1_13' title='bbox 528 577 646 636; x_wconf 88' lang='lat' dir='ltr'><strong>sumus,</strong></span> <span class='ocrx_word' id='word_1_14' title='bbox 672 560 759 619; x_wconf 84' lang='lat' dir='ltr'><strong>caret</strong></span> <span class='ocrx_word' id='word_1_15' title='bbox 781 557 1012 620; x_wconf 69' lang='lat' dir='ltr'><strong>aestimatione.</strong></span> <span class='ocrx_word' id='word_1_16' title='bbox 1056 557 1174 620; x_wconf 83' lang='lat' dir='ltr'><strong>Treb.</strong></span> <span class='ocrx_word' id='word_1_17' title='bbox 1192 559 1272 642; x_wconf 86' lang='lat' dir='ltr'><strong>trig.</strong></span> <span class='ocrx_word' id='word_1_18' title='bbox 1288 566 1348 641; x_wconf 83' lang='lat' dir='ltr'><strong>tyr.</strong></span> 
     </span>
     <span class='ocr_line' id='line_1_4' title="bbox 198 655 1350 742; baseline 0.004 -25"><span class='ocrx_word' id='word_1_19' title='bbox 198 655 239 719; x_wconf 82' lang='lat'><strong>26</strong></span> <span class='ocrx_word' id='word_1_20' title='bbox 261 656 419 739; x_wconf 78' lang='lat' dir='ltr'><strong>persequi,</strong></span> <span class='ocrx_word' id='word_1_21' title='bbox 441 658 607 740; x_wconf 82' lang='lat' dir='ltr'><strong>quanti-</strong></span> <span class='ocrx_word' id='word_1_22' title='bbox 633 657 765 721; x_wconf 89' lang='lat' dir='ltr'><strong>fuerunt</strong></span> <span class='ocrx_word' id='word_1_23' title='bbox 787 662 926 740; x_wconf 79' lang='lat' dir='ltr'><strong>tyranni.</strong></span> <span class='ocrx_word' id='word_1_24' title='bbox 971 658 1014 721; x_wconf 88' lang='lat'><strong>30</strong></span> <span class='ocrx_word' id='word_1_25' title='bbox 1036 658 1063 720; x_wconf 91' lang='lat' dir='ltr'><strong>si</strong></span> <span class='ocrx_word' id='word_1_26' title='bbox 1085 658 1224 740; x_wconf 86' lang='lat' dir='ltr'><strong>scirent,</strong></span> <span class='ocrx_word' id='word_1_27' title='bbox 1249 660 1350 742; x_wconf 81' lang='lat' dir='ltr'><strong>qualis</strong></span> 
     </span>
     <span class='ocr_line' id='line_1_5' title="bbox 199 756 1352 843; baseline 0.006 -24"><span class='ocrx_word' id='word_1_28' title='bbox 199 756 254 820; x_wconf 85' lang='lat' dir='ltr'><strong>illa</strong></span> <span class='ocrx_word' id='word_1_29' title='bbox 281 762 330 820; x_wconf 88' lang='lat' dir='ltr'><strong>est</strong></span> <span class='ocrx_word' id='word_1_30' title='bbox 357 758 480 822; x_wconf 89' lang='lat' dir='ltr'><strong>mulier.</strong></span> <span class='ocrx_word' id='word_1_31' title='bbox 528 757 686 842; x_wconf 85' lang='lat' dir='ltr'><strong>Vopisc.</strong></span> <span class='ocrx_word' id='word_1_32' title='bbox 709 758 835 824; x_wconf 86' lang='lat' dir='ltr'><strong>Saturn.</strong></span> <span class='ocrx_word' id='word_1_33' title='bbox 865 762 885 822; x_wconf 94' lang='grc'><strong>2</strong></span> <span class='ocrx_word' id='word_1_34' title='bbox 913 781 993 843; x_wconf 87' lang='lat' dir='ltr'><strong>quos</strong></span> <span class='ocrx_word' id='word_1_35' title='bbox 1022 782 1117 843; x_wconf 88' lang='lat' dir='ltr'><strong>quem</strong></span> <span class='ocrx_word' id='word_1_36' title='bbox 1146 761 1192 824; x_wconf 82' lang='lat' dir='ltr'><strong>ad</strong></span> <span class='ocrx_word' id='word_1_37' title='bbox 1223 762 1352 825; x_wconf 87' lang='lat' dir='ltr'><strong>modum</strong></span> 
     </span>
     <span class='ocr_line' id='line_1_6' title="bbox 200 859 1354 944; baseline 0.005 -24"><span class='ocrx_word' id='word_1_38' title='bbox 200 859 385 942; x_wconf 85' lang='lat' dir='ltr'><strong>fecundant,</strong></span> <span class='ocrx_word' id='word_1_39' title='bbox 411 860 511 944; x_wconf 90' lang='lat' dir='ltr'><strong>pudet</strong></span> <span class='ocrx_word' id='word_1_40' title='bbox 532 860 646 924; x_wconf 82' lang='lat' dir='ltr'><strong>dicere.</strong></span> <span class='ocrx_word' id='word_1_41' title='bbox 691 859 779 924; x_wconf 87' lang='lat' dir='ltr'><strong>Lact.</strong></span> <span class='ocrx_word' id='word_1_42' title='bbox 803 862 832 939; x_wconf 80' lang='lat'><strong>5,</strong></span> <span class='ocrx_word' id='word_1_43' title='bbox 859 862 908 938; x_wconf 89' lang='grc'><strong>16,</strong></span> <span class='ocrx_word' id='word_1_44' title='bbox 936 865 948 924; x_wconf 96' lang='lat' dir='ltr'><strong>l</strong></span> <span class='ocrx_word' id='word_1_45' title='bbox 974 861 1106 943; x_wconf 83' lang='lat' dir='ltr'><strong>exposui</strong></span> <span class='ocrx_word' id='word_1_46' title='bbox 1128 882 1275 939; x_wconf 85' lang='lat' dir='ltr'><strong>causam,</strong></span> <span class='ocrx_word' id='word_1_47' title='bbox 1300 886 1354 926; x_wconf 90' lang='lat' dir='ltr'><strong>cur</strong></span> 
     </span>
     <span class='ocr_line' id='line_1_7' title="bbox 196 960 1355 1046; baseline 0.004 -22"><span class='ocrx_word' id='word_1_48' title='bbox 196 960 380 1045; x_wconf 85' lang='lat' dir='ltr'><strong>philosophi</strong></span> <span class='ocrx_word' id='word_1_49' title='bbox 413 983 473 1025; x_wconf 89' lang='lat' dir='ltr'><strong>neo</strong></span> <span class='ocrx_word' id='word_1_50' title='bbox 506 962 650 1025; x_wconf 89' lang='lat' dir='ltr'><strong>invenire</strong></span> <span class='ocrx_word' id='word_1_51' title='bbox 683 962 836 1026; x_wconf 82' lang='lat' dir='ltr'><strong>iustitiam</strong></span> <span class='ocrx_word' id='word_1_52' title='bbox 870 984 931 1026; x_wconf 86' lang='lat' dir='ltr'><strong>nec</strong></span> <span class='ocrx_word' id='word_1_53' title='bbox 960 961 1131 1026; x_wconf 81' lang='lat' dir='ltr'><strong>defendere</strong></span> <span class='ocrx_word' id='word_1_54' title='bbox 1161 968 1355 1046; x_wconf 85' lang='lat' dir='ltr'><strong>potuerunt</strong></span> 
     </span>
     <span class='ocr_line' id='line_1_8' title="bbox 196 1062 1355 1150; baseline 0.001 -24"><span class='ocrx_word' id='word_1_55' title='bbox 196 1062 352 1146; x_wconf 71' lang='grc'><strong>1111114,</strong></span> <span class='ocrx_word' id='word_1_56' title='bbox 383 1064 403 1126; x_wconf 91' lang='grc'><strong>2</strong></span> <span class='ocrx_word' id='word_1_57' title='bbox 431 1063 486 1127; x_wconf 92' lang='lat' dir='ltr'><strong>sed</strong></span> <span class='ocrx_word' id='word_1_58' title='bbox 509 1084 566 1128; x_wconf 88' lang='lat' dir='ltr'><strong>cur</strong></span> <span class='ocrx_word' id='word_1_59' title='bbox 587 1064 633 1127; x_wconf 86' lang='lat' dir='ltr'><strong>ita</strong></span> <span class='ocrx_word' id='word_1_60' title='bbox 657 1064 806 1139; x_wconf 86' lang='lat' dir='ltr'><strong>traditur,</strong></span> <span class='ocrx_word' id='word_1_61' title='bbox 835 1064 917 1128; x_wconf 85' lang='lat' dir='ltr'><strong>ratio</strong></span> <span class='ocrx_word' id='word_1_62' title='bbox 946 1067 1034 1128; x_wconf 86' lang='lat' dir='ltr'><strong>certa</strong></span> <span class='ocrx_word' id='word_1_63' title='bbox 1061 1068 1120 1127; x_wconf 88' lang='lat' dir='ltr'><strong>est.</strong></span> <span class='ocrx_word' id='word_1_64' title='bbox 1169 1066 1272 1150; x_wconf 85' lang='lat' dir='ltr'><strong>Aug.</strong></span> <span class='ocrx_word' id='word_1_65' title='bbox 1297 1066 1355 1130; x_wconf 77' lang='lat' dir='ltr'><strong>civ.</strong></span> 
     </span>
     <span class='ocr_line' id='line_1_9' title="bbox 200 1164 1356 1248; baseline 0.004 -21"><span class='ocrx_word' id='word_1_66' title='bbox 200 1164 259 1228; x_wconf 90' lang='lat' dir='ltr'><strong>Dei</strong></span> <span class='ocrx_word' id='word_1_67' title='bbox 293 1167 319 1241; x_wconf 87' lang='lat'><strong>1,</strong></span> <span class='ocrx_word' id='word_1_68' title='bbox 344 1166 384 1228; x_wconf 91' lang='grc'><strong>28</strong></span> <span class='ocrx_word' id='word_1_69' title='bbox 413 1166 610 1248; x_wconf 86' lang='lat' dir='ltr'><strong>interrogate</strong></span> <span class='ocrx_word' id='word_1_70' title='bbox 638 1187 679 1228; x_wconf 91' lang='lat' dir='ltr'><strong>ne</strong></span> <span class='ocrx_word' id='word_1_71' title='bbox 710 1164 894 1247; x_wconf 78' lang='grc'><strong>(1111111111)</strong></span> <span class='ocrx_word' id='word_1_72' title='bbox 925 1166 1086 1229; x_wconf 85' lang='lat' dir='ltr'><strong>extulistis</strong></span> <span class='ocrx_word' id='word_1_73' title='bbox 1114 1169 1148 1229; x_wconf 89' lang='lat' dir='ltr'><strong>et</strong></span> <span class='ocrx_word' id='word_1_74' title='bbox 1179 1167 1356 1232; x_wconf 85' lang='lat' dir='ltr'><strong>invidistis.</strong></span> 
     </span>
     <span class='ocr_line' id='line_1_10' title="bbox 200 1266 1358 1350; baseline 0.006 -23"><span class='ocrx_word' id='word_1_75' title='bbox 200 1268 228 1345; x_wconf 81' lang='grc'><strong>2,</strong></span> <span class='ocrx_word' id='word_1_76' title='bbox 252 1268 272 1331; x_wconf 91' lang='grc'><strong>6</strong></span> <span class='ocrx_word' id='word_1_77' title='bbox 301 1268 426 1330; x_wconf 86' lang='lat' dir='ltr'><strong>dicatur</strong></span> <span class='ocrx_word' id='word_1_78' title='bbox 454 1267 487 1330; x_wconf 90' lang='lat' dir='ltr'><strong>in</strong></span> <span class='ocrx_word' id='word_1_79' title='bbox 517 1266 633 1349; x_wconf 87' lang='lat' dir='ltr'><strong>quibus</strong></span> <span class='ocrx_word' id='word_1_80' title='bbox 660 1266 738 1330; x_wconf 88' lang='lat' dir='ltr'><strong>locis</strong></span> <span class='ocrx_word' id='word_1_81' title='bbox 767 1304 806 1313; x_wconf 95' lang='lat'>-</span> <span class='ocrx_word' id='word_1_82' title='bbox 836 1266 984 1330; x_wconf 88' lang='lat' dir='ltr'><strong>solebant</strong></span> <span class='ocrx_word' id='word_1_83' title='bbox 1010 1271 1190 1350; x_wconf 88' lang='lat' dir='ltr'><strong>praecepta</strong></span> <span class='ocrx_word' id='word_1_84' title='bbox 1217 1271 1358 1334; x_wconf 79' lang='lat' dir='ltr'><strong>recitari.</strong></span> 
     </span>
     <span class='ocr_line' id='line_1_11' title="bbox 197 1367 1359 1452; baseline 0.003 -20"><span class='ocrx_word' id='word_1_85' title='bbox 197 1369 226 1445; x_wconf 76' lang='grc' dir='ltr'><strong>ἵ),</strong></span> <span class='ocrx_word' id='word_1_86' title='bbox 254 1370 293 1432; x_wconf 89' lang='grc'><strong>12</strong></span> <span class='ocrx_word' id='word_1_87' title='bbox 317 1368 493 1448; x_wconf 85' lang='lat' dir='ltr'><strong>videamus,</strong></span> <span class='ocrx_word' id='word_1_88' title='bbox 524 1389 603 1451; x_wconf 90' lang='lat' dir='ltr'><strong>quos</strong></span> <span class='ocrx_word' id='word_1_89' title='bbox 631 1368 780 1431; x_wconf 87' lang='lat' dir='ltr'><strong>adiuvare</strong></span> <span class='ocrx_word' id='word_1_90' title='bbox 803 1367 957 1452; x_wconf 87' lang='lat' dir='ltr'><strong>dignatus</strong></span> <span class='ocrx_word' id='word_1_91' title='bbox 980 1375 1038 1432; x_wconf 86' lang='lat' dir='ltr'><strong>est.</strong></span> <span class='ocrx_word' id='word_1_92' title='bbox 1085 1368 1172 1437; x_wconf 86' lang='lat' dir='ltr'><strong>lbid.</strong></span> <span class='ocrx_word' id='word_1_93' title='bbox 1198 1372 1289 1435; x_wconf 91' lang='lat' dir='ltr'><strong>unde</strong></span> <span class='ocrx_word' id='word_1_94' title='bbox 1313 1373 1359 1436; x_wconf 87' lang='lat' dir='ltr'><strong>iu·</strong></span> 
     </span>
     <span class='ocr_line' id='line_1_12' title="bbox 198 1469 1358 1555; baseline 0.003 -22"><span class='ocrx_word' id='word_1_95' title='bbox 198 1469 306 1551; x_wconf 83' lang='lat' dir='ltr'><strong>tellegi</strong></span> <span class='ocrx_word' id='word_1_96' title='bbox 329 1474 445 1553; x_wconf 87' lang='lat' dir='ltr'><strong>potest,</strong></span> <span class='ocrx_word' id='word_1_97' title='bbox 469 1490 562 1552; x_wconf 90' lang='lat' dir='ltr'><strong>quem</strong></span> <span class='ocrx_word' id='word_1_98' title='bbox 586 1471 682 1532; x_wconf 87' lang='lat' dir='ltr'><strong>finem</strong></span> <span class='ocrx_word' id='word_1_99' title='bbox 706 1469 856 1533; x_wconf 84' lang='lat' dir='ltr'><strong>volebant</strong></span> <span class='ocrx_word' id='word_1_100' title='bbox 877 1491 955 1533; x_wconf 87' lang='lat' dir='ltr'><strong>esse.</strong></span> <span class='ocrx_word' id='word_1_101' title='bbox 1002 1472 1031 1549; x_wconf 80' lang='grc'><strong>1,</strong></span> <span class='ocrx_word' id='word_1_102' title='bbox 1052 1471 1096 1535; x_wconf 74' lang='lat'><strong>35</strong></span> <span class='ocrx_word' id='word_1_103' title='bbox 1120 1492 1226 1553; x_wconf 79' lang='lat' dir='ltr'><strong>quam</strong></span> <span class='ocrx_word' id='word_1_104' title='bbox 1251 1474 1358 1555; x_wconf 87' lang='lat' dir='ltr'><strong>perni-</strong></span> 
     </span>
     <span class='ocr_line' id='line_1_13' title="bbox 198 1569 1361 1655; baseline 0.004 -20"><span class='ocrx_word' id='word_1_105' title='bbox 198 1573 301 1635; x_wconf 89' lang='lat' dir='ltr'><strong>ciosae</strong></span> <span class='ocrx_word' id='word_1_106' title='bbox 323 1571 480 1636; x_wconf 85' lang='lat' dir='ltr'><strong>iudicatae</strong></span> <span class='ocrx_word' id='word_1_107' title='bbox 503 1575 587 1645; x_wconf 80' lang='lat' dir='ltr'><strong>sunt,</strong></span> <span class='ocrx_word' id='word_1_108' title='bbox 610 1569 686 1634; x_wconf 93' lang='lat' dir='ltr'><strong>hinc</strong></span> <span class='ocrx_word' id='word_1_109' title='bbox 708 1571 854 1655; x_wconf 81' lang='lat' dir='ltr'><strong>intellegi</strong></span> <span class='ocrx_word' id='word_1_110' title='bbox 876 1575 993 1654; x_wconf 86' lang='lat' dir='ltr'><strong>potest,</strong></span> <span class='ocrx_word' id='word_1_111' title='bbox 1017 1572 1114 1655; x_wconf 87' lang='lat' dir='ltr'><strong>quod.</strong></span> <span class='ocrx_word' id='word_1_112' title='bbox 1139 1573 1171 1649; x_wconf 92' lang='lat'><strong>8,</strong></span> <span class='ocrx_word' id='word_1_113' title='bbox 1195 1575 1228 1638; x_wconf 91' lang='lat'><strong>3.</strong></span> <span class='ocrx_word' id='word_1_114' title='bbox 1255 1577 1306 1652; x_wconf 84' lang='lat'><strong>10,</strong></span> <span class='ocrx_word' id='word_1_115' title='bbox 1331 1578 1361 1640; x_wconf 76' lang='grc' dir='ltr'><strong>ὁ.</strong></span> 
     </span>
     <span class='ocr_line' id='line_1_14' title="bbox 202 1671 1361 1757; baseline 0.003 -22"><span class='ocrx_word' id='word_1_116' title='bbox 202 1672 323 1737; x_wconf 84' lang='lat' dir='ltr'><strong>Prisc.</strong></span> <span class='ocrx_word' id='word_1_117' title='bbox 347 1673 474 1737; x_wconf 79' lang='grc'><strong>1111111.</strong></span> <span class='ocrx_word' id='word_1_118' title='bbox 498 1695 547 1756; x_wconf 88' lang='lat' dir='ltr'><strong>ep.</strong></span> <span class='ocrx_word' id='word_1_119' title='bbox 571 1673 591 1735; x_wconf 81' lang='lat'>5</span> <span class='ocrx_word' id='word_1_120' title='bbox 620 1671 696 1755; x_wconf 89' lang='lat' dir='ltr'><strong>quid</strong></span> <span class='ocrx_word' id='word_1_121' title='bbox 719 1674 761 1736; x_wconf 87' lang='lat' dir='ltr'><strong>sit</strong></span> <span class='ocrx_word' id='word_1_122' title='bbox 788 1672 958 1737; x_wconf 83' lang='grc'><strong>1111111-</strong></span> <span class='ocrx_word' id='word_1_123' title='bbox 980 1695 1061 1756; x_wconf 89' lang='lat' dir='ltr'><strong>quae</strong></span> <span class='ocrx_word' id='word_1_124' title='bbox 1084 1674 1120 1737; x_wconf 91' lang='lat' dir='ltr'><strong>in</strong></span> <span class='ocrx_word' id='word_1_125' title='bbox 1144 1696 1232 1757; x_wconf 88' lang='lat' dir='ltr'><strong>quas</strong></span> <span class='ocrx_word' id='word_1_126' title='bbox 1257 1680 1361 1739; x_wconf 82' lang='lat' dir='ltr'><strong>trans·</strong></span> 
     </span>
     <span class='ocr_line' id='line_1_15' title="bbox 198 1775 1372 1858; baseline 0.008 -22"><span class='ocrx_word' id='word_1_127' title='bbox 198 1785 283 1837; x_wconf 81' lang='lat' dir='ltr'><strong>eunt.</strong></span> <span class='ocrx_word' id='word_1_128' title='bbox 327 1775 403 1858; x_wconf 93' lang='lat' dir='ltr'><strong>quid</strong></span> <span class='ocrx_word' id='word_1_129' title='bbox 430 1775 473 1839; x_wconf 90' lang='lat' dir='ltr'><strong>sit</strong></span> <span class='ocrx_word' id='word_1_130' title='bbox 499 1797 617 1839; x_wconf 88' lang='lat' dir='ltr'><strong>nornen</strong></span> <span class='ocrx_word' id='word_1_131' title='bbox 648 1811 688 1820; x_wconf 92' lang='lat'>-</span> <span class='ocrx_word' id='word_1_132' title='bbox 717 1778 796 1857; x_wconf 90' lang='lat' dir='ltr'><strong>quot</strong></span> <span class='ocrx_word' id='word_1_133' title='bbox 822 1781 897 1838; x_wconf 90' lang='lat' dir='ltr'><strong>sunt</strong></span> <span class='ocrx_word' id='word_1_134' title='bbox 926 1775 1064 1858; x_wconf 88' lang='lat' dir='ltr'><strong>species;</strong></span> <span class='ocrx_word' id='word_1_135' title='bbox 1102 1775 1171 1839; x_wconf 91' lang='lat' dir='ltr'><strong>und</strong></span> <span class='ocrx_word' id='word_1_136' title='bbox 1204 1777 1372 1845; x_wconf 71' lang='lat' dir='ltr'><strong>hhnliche.</strong></span> 
     </span>
     <span class='ocr_line' id='line_1_16' title="bbox 197 1873 583 1960; baseline 0.003 -21"><span class='ocrx_word' id='word_1_137' title='bbox 197 1873 466 1960; x_wconf 82' lang='lat' dir='ltr'><strong>Schwenkungen</strong></span> <span class='ocrx_word' id='word_1_138' title='bbox 489 1877 583 1941; x_wconf 77' lang='grc'><strong>111111.</strong></span> 
     </span>
    </p>

    <p class='ocr_par' dir='ltr' id='par_1_3' title="bbox 195 1977 1363 4493">
     <span class='ocr_line' id='line_1_17' title="bbox 283 1977 1363 2058; baseline 0.006 -18"><span class='ocrx_word' id='word_1_139' title='bbox 283 1979 396 2058; x_wconf 67' lang='lat'><strong>§465</strong></span> <span class='ocrx_word' id='word_1_140' title='bbox 442 1979 479 2042; x_wconf 90' lang='lat' dir='ltr'><strong>ln</strong></span> <span class='ocrx_word' id='word_1_141' title='bbox 505 1979 564 2042; x_wconf 89' lang='lat' dir='ltr'><strong>den</strong></span> <span class='ocrx_word' id='word_1_142' title='bbox 591 1977 722 2055; x_wconf 76' lang='grc'><strong>8111111,</strong></span> <span class='ocrx_word' id='word_1_143' title='bbox 753 1977 871 2042; x_wconf 79' lang='lat' dir='ltr'><strong>welche</strong></span> <span class='ocrx_word' id='word_1_144' title='bbox 901 1977 958 2041; x_wconf 87' lang='lat' dir='ltr'><strong>das</strong></span> <span class='ocrx_word' id='word_1_145' title='bbox 990 1977 1133 2041; x_wconf 89' lang='lat' dir='ltr'><strong>Verbum</strong></span> <span class='ocrx_word' id='word_1_146' title='bbox 1165 1983 1278 2046; x_wconf 80' lang='grc'><strong>11111111</strong></span> <span class='ocrx_word' id='word_1_147' title='bbox 1307 2004 1363 2045; x_wconf 91' lang='lat' dir='ltr'><strong>un·</strong></span> 
     </span>
     <span class='ocr_line' id='line_1_18' title="bbox 199 2079 1362 2164; baseline 0.004 -23"><span class='ocrx_word' id='word_1_148' title='bbox 199 2079 361 2142; x_wconf 83' lang='lat' dir='ltr'><strong>mittelbar</strong></span> <span class='ocrx_word' id='word_1_149' title='bbox 388 2079 448 2142; x_wconf 90' lang='lat' dir='ltr'><strong>mit</strong></span> <span class='ocrx_word' id='word_1_150' title='bbox 475 2081 577 2143; x_wconf 91' lang='lat' dir='ltr'><strong>einem</strong></span> <span class='ocrx_word' id='word_1_151' title='bbox 605 2079 784 2164; x_wconf 88' lang='lat' dir='ltr'><strong>frogenden</strong></span> <span class='ocrx_word' id='word_1_152' title='bbox 807 2079 988 2143; x_wconf 90' lang='lat' dir='ltr'><strong>Pronomen</strong></span> <span class='ocrx_word' id='word_1_153' title='bbox 1020 2079 1100 2143; x_wconf 89' lang='lat' dir='ltr'><strong>oder</strong></span> <span class='ocrx_word' id='word_1_154' title='bbox 1125 2082 1269 2147; x_wconf 82' lang='lat' dir='ltr'><strong>Adverb</strong></span> <span class='ocrx_word' id='word_1_155' title='bbox 1294 2105 1362 2146; x_wconf 84' lang='lat' dir='ltr'><strong>ver-</strong></span> 
     </span>
     <span class='ocr_line' id='line_1_19' title="bbox 202 2179 1363 2262; baseline 0.006 -20"><span class='ocrx_word' id='word_1_156' title='bbox 202 2179 338 2262; x_wconf 88' lang='lat' dir='ltr'><strong>binden,</strong></span> <span class='ocrx_word' id='word_1_157' title='bbox 367 2180 455 2244; x_wconf 84' lang='lat' dir='ltr'><strong>steht</strong></span> <span class='ocrx_word' id='word_1_158' title='bbox 483 2181 539 2245; x_wconf 78' lang='lat' dir='ltr'><strong>cler</strong></span> <span class='ocrx_word' id='word_1_159' title='bbox 560 2181 762 2246; x_wconf 87' lang='lat' dir='ltr'><strong>Indicativ</strong></span> <span class='ocrx_word' id='word_1_160' title='bbox 792 2203 852 2244; x_wconf 89' lang='lat' dir='ltr'><strong>nur</strong></span> <span class='ocrx_word' id='word_1_161' title='bbox 874 2181 975 2259; x_wconf 89' lang='lat' dir='ltr'><strong>dann,</strong></span> <span class='ocrx_word' id='word_1_162' title='bbox 1005 2203 1099 2245; x_wconf 90' lang='lat' dir='ltr'><strong>wenn</strong></span> <span class='ocrx_word' id='word_1_163' title='bbox 1124 2182 1187 2246; x_wconf 86' lang='lat' dir='ltr'><strong>das</strong></span> <span class='ocrx_word' id='word_1_164' title='bbox 1213 2184 1363 2249; x_wconf 88' lang='lat' dir='ltr'><strong>Verbum</strong></span> 
     </span>
     <span class='ocr_line' id='line_1_20' title="bbox 198 2280 1362 2364; baseline 0.007 -21"><span class='ocrx_word' id='word_1_165' title='bbox 198 2281 256 2344; x_wconf 90' lang='lat' dir='ltr'><strong>mit</strong></span> <span class='ocrx_word' id='word_1_166' title='bbox 279 2281 351 2344; x_wconf 88' lang='lat' dir='ltr'><strong>dem</strong></span> <span class='ocrx_word' id='word_1_167' title='bbox 367 2280 554 2364; x_wconf 84' lang='lat' dir='ltr'><strong>Fragewort</strong></span> <span class='ocrx_word' id='word_1_168' title='bbox 576 2305 759 2347; x_wconf 81' lang='lat' dir='ltr'><strong>zusammen</strong></span> <span class='ocrx_word' id='word_1_169' title='bbox 782 2284 833 2345; x_wconf 88' lang='lat' dir='ltr'><strong>die</strong></span> <span class='ocrx_word' id='word_1_170' title='bbox 856 2281 954 2347; x_wconf 86' lang='lat' dir='ltr'><strong>Stelle</strong></span> <span class='ocrx_word' id='word_1_171' title='bbox 977 2283 1065 2346; x_wconf 85' lang='lat' dir='ltr'><strong>eines</strong></span> <span class='ocrx_word' id='word_1_172' title='bbox 1089 2283 1156 2346; x_wconf 90' lang='lat' dir='ltr'><strong>ind</strong></span> <span class='ocrx_word' id='word_1_173' title='bbox 1171 2286 1216 2347; x_wconf 90' lang='lat' dir='ltr'><strong>ef</strong></span> <span class='ocrx_word' id='word_1_174' title='bbox 1223 2286 1362 2351; x_wconf 90' lang='lat' dir='ltr'><strong>initen</strong></span> 
     </span>
     <span class='ocr_line' id='line_1_21' title="bbox 203 2382 1363 2465; baseline 0.006 -20"><span class='ocrx_word' id='word_1_175' title='bbox 203 2382 404 2447; x_wconf 85' lang='lat' dir='ltr'><strong>Pronomens</strong></span> <span class='ocrx_word' id='word_1_176' title='bbox 432 2385 508 2448; x_wconf 89' lang='lat' dir='ltr'><strong>oder</strong></span> <span class='ocrx_word' id='word_1_177' title='bbox 530 2386 675 2449; x_wconf 81' lang='lat' dir='ltr'><strong>Adverbs</strong></span> <span class='ocrx_word' id='word_1_178' title='bbox 698 2386 834 2449; x_wconf 83' lang='lat' dir='ltr'><strong>vertritt.</strong></span> <span class='ocrx_word' id='word_1_179' title='bbox 880 2383 993 2448; x_wconf 77' lang='lat' dir='ltr'><strong>Nescio</strong></span> <span class='ocrx_word' id='word_1_180' title='bbox 1022 2386 1094 2465; x_wconf 75' lang='lat' dir='ltr'><strong>quis</strong></span> <span class='ocrx_word' id='word_1_181' title='bbox 1118 2386 1200 2464; x_wconf 76' lang='lat' dir='ltr'><strong>[ecit</strong></span> <span class='ocrx_word' id='word_1_182' title='bbox 1223 2389 1269 2451; x_wconf 88' lang='lat' dir='ltr'><strong>ist</strong></span> <span class='ocrx_word' id='word_1_183' title='bbox 1293 2389 1363 2452; x_wconf 87' lang='lat' dir='ltr'><strong>also</strong></span> 
     </span>
     <span class='ocr_line' id='line_1_22' title="bbox 199 2486 1361 2571; baseline 0.008 -25"><span class='ocrx_word' id='word_1_184' title='bbox 199 2506 528 2571; x_wconf 82' lang='lat' dir='ltr'><strong>zusammengezogen</strong></span> <span class='ocrx_word' id='word_1_185' title='bbox 551 2510 622 2552; x_wconf 90' lang='lat' dir='ltr'><strong>aus:</strong></span> <span class='ocrx_word' id='word_1_186' title='bbox 644 2488 723 2551; x_wconf 86' lang='lat' dir='ltr'><strong>fecit</strong></span> <span class='ocrx_word' id='word_1_187' title='bbox 744 2486 868 2569; x_wconf 80' lang='lat' dir='ltr'><strong>aliquis,</strong></span> <span class='ocrx_word' id='word_1_188' title='bbox 892 2487 1000 2549; x_wconf 88' lang='lat' dir='ltr'><strong>nescio</strong></span> <span class='ocrx_word' id='word_1_189' title='bbox 1017 2486 1090 2568; x_wconf 85' lang='lat' dir='ltr'><strong>quis</strong></span> <span class='ocrx_word' id='word_1_190' title='bbox 1106 2487 1195 2569; x_wconf 85' lang='lat' dir='ltr'><strong>(scil.</strong></span> <span class='ocrx_word' id='word_1_191' title='bbox 1213 2490 1361 2570; x_wconf 78' lang='lat' dir='ltr'><strong>fecerit).</strong></span> 
     </span>
     <span class='ocr_line' id='line_1_23' title="bbox 202 2584 1362 2665; baseline 0.007 -18"><span class='ocrx_word' id='word_1_192' title='bbox 202 2584 296 2649; x_wconf 87' lang='lat' dir='ltr'><strong>Diese</strong></span> <span class='ocrx_word' id='word_1_193' title='bbox 328 2587 553 2653; x_wconf 84' lang='lat' dir='ltr'><strong>Construction</strong></span> <span class='ocrx_word' id='word_1_194' title='bbox 584 2590 625 2652; x_wconf 89' lang='lat' dir='ltr'><strong>ist</strong></span> <span class='ocrx_word' id='word_1_195' title='bbox 654 2589 745 2652; x_wconf 91' lang='lat' dir='ltr'><strong>nicht</strong></span> <span class='ocrx_word' id='word_1_196' title='bbox 772 2589 819 2651; x_wconf 85' lang='lat' dir='ltr'><strong>als</strong></span> <span class='ocrx_word' id='word_1_197' title='bbox 843 2587 1047 2650; x_wconf 88' lang='lat' dir='ltr'><strong>Graecismus</strong></span> <span class='ocrx_word' id='word_1_198' title='bbox 1076 2609 1117 2650; x_wconf 86' lang='lat' dir='ltr'><strong>zu</strong></span> <span class='ocrx_word' id='word_1_199' title='bbox 1146 2587 1362 2665; x_wconf 84' lang='lat' dir='ltr'><strong>betrachteu,</strong></span> 
     </span>
     <span class='ocr_line' id='line_1_24' title="bbox 202 2687 1362 2776; baseline 0.007 -28"><span class='ocrx_word' id='word_1_200' title='bbox 202 2687 273 2750; x_wconf 88' lang='lat' dir='ltr'><strong>weil</strong></span> <span class='ocrx_word' id='word_1_201' title='bbox 301 2689 347 2752; x_wconf 88' lang='lat' dir='ltr'><strong>sie</strong></span> <span class='ocrx_word' id='word_1_202' title='bbox 370 2689 487 2755; x_wconf 88' lang='lat' dir='ltr'><strong>bereits</strong></span> <span class='ocrx_word' id='word_1_203' title='bbox 510 2691 553 2753; x_wconf 91' lang='lat' dir='ltr'><strong>im</strong></span> <span class='ocrx_word' id='word_1_204' title='bbox 577 2690 714 2754; x_wconf 78' lang='lat' dir='ltr'><strong>{iltesten</strong></span> <span class='ocrx_word' id='word_1_205' title='bbox 737 2689 848 2753; x_wconf 83' lang='lat' dir='ltr'><strong>Latein</strong></span> <span class='ocrx_word' id='word_1_206' title='bbox 879 2688 1056 2751; x_wconf 85' lang='lat' dir='ltr'><strong>auffallend</strong></span> <span class='ocrx_word' id='word_1_207' title='bbox 1086 2687 1202 2774; x_wconf 80' lang='lat' dir='ltr'><strong>h‘aufig</strong></span> <span class='ocrx_word' id='word_1_208' title='bbox 1235 2692 1297 2770; x_wconf 83' lang='lat' dir='ltr'><strong>ist,</strong></span> <span class='ocrx_word' id='word_1_209' title='bbox 1323 2695 1362 2776; x_wconf 84' lang='lat' dir='ltr'><strong>ja</strong></span> 
     </span>
     <span class='ocr_line' id='line_1_25' title="bbox 195 2787 1361 2874; baseline 0.01 -26"><span class='ocrx_word' id='word_1_210' title='bbox 195 2787 244 2850; x_wconf 93' lang='lat' dir='ltr'><strong>bei</strong></span> <span class='ocrx_word' id='word_1_211' title='bbox 280 2790 412 2854; x_wconf 85' lang='lat' dir='ltr'><strong>Plautus</strong></span> <span class='ocrx_word' id='word_1_212' title='bbox 441 2792 542 2855; x_wconf 87' lang='lat' dir='ltr'><strong>findet</strong></span> <span class='ocrx_word' id='word_1_213' title='bbox 569 2792 636 2856; x_wconf 87' lang='lat' dir='ltr'><strong>sich</strong></span> <span class='ocrx_word' id='word_1_214' title='bbox 666 2793 722 2855; x_wconf 91' lang='lat' dir='ltr'><strong>der</strong></span> <span class='ocrx_word' id='word_1_215' title='bbox 743 2790 901 2855; x_wconf 89' lang='lat' dir='ltr'><strong>Indicativ</strong></span> <span class='ocrx_word' id='word_1_216' title='bbox 931 2811 1028 2874; x_wconf 86' lang='lat' dir='ltr'><strong>sogar</strong></span> <span class='ocrx_word' id='word_1_217' title='bbox 1059 2790 1142 2854; x_wconf 91' lang='lat' dir='ltr'><strong>noch</strong></span> <span class='ocrx_word' id='word_1_218' title='bbox 1172 2793 1265 2856; x_wconf 87' lang='lat' dir='ltr'><strong>nach</strong></span> <span class='ocrx_word' id='word_1_219' title='bbox 1296 2798 1361 2860; x_wconf 80' lang='lat' dir='ltr'><strong>scio</strong></span> 
     </span>
     <span class='ocr_line' id='line_1_26' title="bbox 198 2892 1361 2981; baseline 0.005 -27"><span class='ocrx_word' id='word_1_220' title='bbox 198 2892 282 2970; x_wconf 73' lang='lat' dir='ltr'><strong>peris.</strong></span> <span class='ocrx_word' id='word_1_221' title='bbox 315 2913 338 2955; x_wconf 89' lang='grc'><strong>1.</strong></span> <span class='ocrx_word' id='word_1_222' title='bbox 368 2897 388 2973; x_wconf 60' lang='grc' dir='ltr'>ὅ</span> <span class='ocrx_word' id='word_1_223' title='bbox 415 2894 495 2969; x_wconf 85' lang='grc'><strong>463,</strong></span> <span class='ocrx_word' id='word_1_224' title='bbox 530 2898 553 2969; x_wconf 91' lang='lat' dir='ltr'><strong>l,</strong></span> <span class='ocrx_word' id='word_1_225' title='bbox 584 2915 612 2957; x_wconf 90' lang='grc'><strong>1.</strong></span> <span class='ocrx_word' id='word_1_226' title='bbox 641 2930 682 2941; x_wconf 94' lang='grc'><strong>-</strong></span> <span class='ocrx_word' id='word_1_227' title='bbox 711 2895 780 2956; x_wconf 88' lang='lat' dir='ltr'><strong>Aus</strong></span> <span class='ocrx_word' id='word_1_228' title='bbox 808 2892 863 2954; x_wconf 91' lang='lat' dir='ltr'><strong>der</strong></span> <span class='ocrx_word' id='word_1_229' title='bbox 893 2892 1126 2976; x_wconf 74' lang='lat' dir='ltr'><strong>vollstiindigen</strong></span> <span class='ocrx_word' id='word_1_230' title='bbox 1156 2892 1361 2981; x_wconf 83' lang='lat' dir='ltr'><strong>Sammlung</strong></span> 
     </span>
     <span class='ocr_line' id='line_1_27' title="bbox 199 2991 1360 3080; baseline 0.009 -27"><span class='ocrx_word' id='word_1_231' title='bbox 199 2991 247 3054; x_wconf 94' lang='lat' dir='ltr'><strong>bei</strong></span> <span class='ocrx_word' id='word_1_232' title='bbox 263 2991 300 3056; x_wconf 85' lang='lat' dir='ltr'><strong>E.</strong></span> <span class='ocrx_word' id='word_1_233' title='bbox 326 2992 448 3057; x_wconf 84' lang='lat' dir='ltr'><strong>Becher</strong></span> <span class='ocrx_word' id='word_1_234' title='bbox 470 2995 791 3080; x_wconf 58' lang='grc'><strong>8228-23531111</strong></span> <span class='ocrx_word' id='word_1_235' title='bbox 814 2992 866 3057; x_wconf 92' lang='lat' dir='ltr'><strong>ich</strong></span> <span class='ocrx_word' id='word_1_236' title='bbox 888 2993 1043 3058; x_wconf 69' lang='lat' dir='ltr'><strong>zunitchst</strong></span> <span class='ocrx_word' id='word_1_237' title='bbox 1063 2995 1196 3078; x_wconf 87' lang='lat' dir='ltr'><strong>wenige</strong></span> <span class='ocrx_word' id='word_1_238' title='bbox 1219 2996 1360 3062; x_wconf 84' lang='lat' dir='ltr'><strong>charak·</strong></span> 
     </span>
     <span class='ocr_line' id='line_1_28' title="bbox 196 3094 1359 3179; baseline 0.007 -22"><span class='ocrx_word' id='word_1_239' title='bbox 196 3094 376 3159; x_wconf 87' lang='lat' dir='ltr'><strong>teristische</strong></span> <span class='ocrx_word' id='word_1_240' title='bbox 399 3095 520 3161; x_wconf 81' lang='lat' dir='ltr'><strong>Stellen</strong></span> <span class='ocrx_word' id='word_1_241' title='bbox 549 3097 604 3160; x_wconf 89' lang='lat' dir='ltr'><strong>der</strong></span> <span class='ocrx_word' id='word_1_242' title='bbox 632 3098 718 3161; x_wconf 86' lang='lat' dir='ltr'><strong>alten</strong></span> <span class='ocrx_word' id='word_1_243' title='bbox 743 3094 897 3179; x_wconf 83' lang='lat' dir='ltr'><strong>Sprache:</strong></span> <span class='ocrx_word' id='word_1_244' title='bbox 934 3094 984 3159; x_wconf 92' lang='lat' dir='ltr'><strong>Pl.</strong></span> <span class='ocrx_word' id='word_1_245' title='bbox 1009 3095 1128 3178; x_wconf 79' lang='lat' dir='ltr'><strong>Amph.</strong></span> <span class='ocrx_word' id='word_1_246' title='bbox 1151 3097 1220 3160; x_wconf 86' lang='lat'><strong>830</strong></span> <span class='ocrx_word' id='word_1_247' title='bbox 1243 3102 1359 3164; x_wconf 87' lang='lat' dir='ltr'><strong>neseio</strong></span> 
     </span>
     <span class='ocr_line' id='line_1_29' title="bbox 197 3196 1360 3282; baseline 0.007 -23"><span class='ocrx_word' id='word_1_248' title='bbox 197 3197 268 3278; x_wconf 88' lang='lat' dir='ltr'><strong>quis</strong></span> <span class='ocrx_word' id='word_1_249' title='bbox 292 3199 518 3282; x_wconf 82' lang='lat' dir='ltr'><strong>praestigiator</strong></span> <span class='ocrx_word' id='word_1_250' title='bbox 540 3198 623 3262; x_wconf 88' lang='lat' dir='ltr'><strong>hanc</strong></span> <span class='ocrx_word' id='word_1_251' title='bbox 645 3198 817 3261; x_wconf 83' lang='lat' dir='ltr'><strong>frustratur</strong></span> <span class='ocrx_word' id='word_1_252' title='bbox 838 3196 1014 3260; x_wconf 86' lang='lat' dir='ltr'><strong>mulierem.</strong></span> <span class='ocrx_word' id='word_1_253' title='bbox 1051 3198 1116 3260; x_wconf 87' lang='grc'><strong>424</strong></span> <span class='ocrx_word' id='word_1_254' title='bbox 1138 3200 1254 3263; x_wconf 89' lang='lat' dir='ltr'><strong>nescio</strong></span> <span class='ocrx_word' id='word_1_255' title='bbox 1273 3205 1360 3267; x_wconf 75' lang='grc'><strong>1111111</strong></span> 
     </span>
     <span class='ocr_line' id='line_1_30' title="bbox 197 3296 1358 3382; baseline 0.008 -23"><span class='ocrx_word' id='word_1_256' title='bbox 197 3296 275 3361; x_wconf 84' lang='lat' dir='ltr'><strong>haec</strong></span> <span class='ocrx_word' id='word_1_257' title='bbox 299 3298 350 3363; x_wconf 87' lang='lat' dir='ltr'><strong>hio</strong></span> <span class='ocrx_word' id='word_1_258' title='bbox 373 3301 540 3382; x_wconf 84' lang='lat' dir='ltr'><strong>spectavit.</strong></span> <span class='ocrx_word' id='word_1_259' title='bbox 585 3299 653 3363; x_wconf 87' lang='lat' dir='ltr'><strong>Mil.</strong></span> <span class='ocrx_word' id='word_1_260' title='bbox 680 3299 738 3362; x_wconf 79' lang='lat'><strong>166</strong></span> <span class='ocrx_word' id='word_1_261' title='bbox 761 3298 868 3361; x_wconf 88' lang='lat' dir='ltr'><strong>nescio</strong></span> <span class='ocrx_word' id='word_1_262' title='bbox 891 3299 965 3379; x_wconf 89' lang='lat' dir='ltr'><strong>quid</strong></span> <span class='ocrx_word' id='word_1_263' title='bbox 989 3297 1202 3363; x_wconf 86' lang='lat' dir='ltr'><strong>malefactum</strong></span> <span class='ocrx_word' id='word_1_264' title='bbox 1232 3339 1272 3348; x_wconf 93' lang='lat'>—</span> <span class='ocrx_word' id='word_1_265' title='bbox 1297 3311 1358 3367; x_wconf 84' lang='lat' dir='ltr'><strong>est</strong></span> 
     </span>
     <span class='ocr_line' id='line_1_31' title="bbox 200 3399 1358 3486; baseline 0.007 -26"><span class='ocrx_word' id='word_1_266' title='bbox 200 3400 279 3464; x_wconf 81' lang='grc'><strong>1258</strong></span> <span class='ocrx_word' id='word_1_267' title='bbox 307 3402 419 3464; x_wconf 87' lang='lat' dir='ltr'><strong>nescio</strong></span> <span class='ocrx_word' id='word_1_268' title='bbox 449 3401 504 3465; x_wconf 73' lang='lat' dir='ltr'><strong>noi</strong></span> <span class='ocrx_word' id='word_1_269' title='bbox 536 3400 589 3465; x_wconf 90' lang='lat' dir='ltr'><strong>hic</strong></span> <span class='ocrx_word' id='word_1_270' title='bbox 621 3423 722 3483; x_wconf 90' lang='lat' dir='ltr'><strong>prope</strong></span> <span class='ocrx_word' id='word_1_271' title='bbox 754 3400 853 3465; x_wconf 87' lang='lat' dir='ltr'><strong>adest.</strong></span> <span class='ocrx_word' id='word_1_272' title='bbox 898 3399 991 3462; x_wconf 80' lang='lat' dir='ltr'><strong>Truc.</strong></span> <span class='ocrx_word' id='word_1_273' title='bbox 1022 3401 1085 3464; x_wconf 79' lang='lat'><strong>334</strong></span> <span class='ocrx_word' id='word_1_274' title='bbox 1114 3403 1226 3465; x_wconf 87' lang='lat' dir='ltr'><strong>nescio</strong></span> <span class='ocrx_word' id='word_1_275' title='bbox 1258 3426 1358 3486; x_wconf 89' lang='lat' dir='ltr'><strong>quem</strong></span> 
     </span>
     <span class='ocr_line' id='line_1_32' title="bbox 197 3501 1358 3584; baseline 0.007 -21"><span class='ocrx_word' id='word_1_276' title='bbox 197 3501 432 3582; x_wconf 83' lang='lat' dir='ltr'><strong>praestolatast.</strong></span> <span class='ocrx_word' id='word_1_277' title='bbox 494 3501 590 3566; x_wconf 87' lang='lat' dir='ltr'><strong>Mero.</strong></span> <span class='ocrx_word' id='word_1_278' title='bbox 624 3502 688 3565; x_wconf 83' lang='grc'><strong>684</strong></span> <span class='ocrx_word' id='word_1_279' title='bbox 723 3501 812 3564; x_wconf 91' lang='lat' dir='ltr'><strong>necio</strong></span> <span class='ocrx_word' id='word_1_280' title='bbox 850 3506 963 3584; x_wconf 86' lang='lat' dir='ltr'><strong>quaest</strong></span> <span class='ocrx_word' id='word_1_281' title='bbox 993 3501 1109 3564; x_wconf 86' lang='lat' dir='ltr'><strong>mulier</strong></span> <span class='ocrx_word' id='word_1_282' title='bbox 1140 3502 1240 3567; x_wconf 87' lang='lat' dir='ltr'><strong>intus.</strong></span> <span class='ocrx_word' id='word_1_283' title='bbox 1292 3508 1358 3570; x_wconf 83' lang='lat'><strong>864</strong></span> 
     </span>
     <span class='ocr_line' id='line_1_33' title="bbox 197 3602 1357 3691; baseline 0.008 -28"><span class='ocrx_word' id='word_1_284' title='bbox 197 3603 306 3666; x_wconf 86' lang='lat' dir='ltr'><strong>nescio</strong></span> <span class='ocrx_word' id='word_1_285' title='bbox 335 3606 432 3687; x_wconf 86' lang='lat' dir='ltr'><strong>quoia</strong></span> <span class='ocrx_word' id='word_1_286' title='bbox 461 3626 523 3666; x_wconf 86' lang='lat' dir='ltr'><strong>vox</strong></span> <span class='ocrx_word' id='word_1_287' title='bbox 552 3605 590 3666; x_wconf 90' lang='lat' dir='ltr'><strong>ad</strong></span> <span class='ocrx_word' id='word_1_288' title='bbox 618 3604 704 3667; x_wconf 84' lang='lat' dir='ltr'><strong>auris</strong></span> <span class='ocrx_word' id='word_1_289' title='bbox 734 3603 777 3665; x_wconf 92' lang='lat' dir='ltr'><strong>mi</strong></span> <span class='ocrx_word' id='word_1_290' title='bbox 807 3602 975 3666; x_wconf 86' lang='lat' dir='ltr'><strong>advolavit.</strong></span> <span class='ocrx_word' id='word_1_291' title='bbox 1024 3602 1084 3665; x_wconf 89' lang='grc'><strong>122</strong></span> <span class='ocrx_word' id='word_1_292' title='bbox 1114 3604 1194 3667; x_wconf 87' lang='lat' dir='ltr'><strong>mali</strong></span> <span class='ocrx_word' id='word_1_293' title='bbox 1215 3627 1252 3669; x_wconf 91' lang='lat' dir='ltr'><strong>n.</strong></span> <span class='ocrx_word' id='word_1_294' title='bbox 1277 3610 1357 3691; x_wconf 90' lang='lat' dir='ltr'><strong>quid</strong></span> 
     </span>
     <span class='ocr_line' id='line_1_34' title="bbox 195 3703 1354 3791; baseline 0.006 -26"><span class='ocrx_word' id='word_1_295' title='bbox 195 3703 334 3766; x_wconf 83' lang='lat' dir='ltr'><strong>nuntiat.</strong></span> <span class='ocrx_word' id='word_1_296' title='bbox 380 3705 465 3769; x_wconf 88' lang='lat' dir='ltr'><strong>Pers.</strong></span> <span class='ocrx_word' id='word_1_297' title='bbox 487 3706 547 3769; x_wconf 90' lang='grc'><strong>221</strong></span> <span class='ocrx_word' id='word_1_298' title='bbox 572 3704 670 3767; x_wconf 86' lang='lat' dir='ltr'><strong>hahes</strong></span> <span class='ocrx_word' id='word_1_299' title='bbox 693 3727 724 3769; x_wconf 88' lang='lat' dir='ltr'><strong>n.</strong></span> <span class='ocrx_word' id='word_1_300' title='bbox 748 3703 834 3787; x_wconf 87' lang='lat' dir='ltr'><strong>quid.</strong></span> <span class='ocrx_word' id='word_1_301' title='bbox 881 3703 922 3767; x_wconf 86' lang='lat'><strong>99</strong></span> <span class='ocrx_word' id='word_1_302' title='bbox 944 3725 1045 3787; x_wconf 90' lang='lat' dir='ltr'><strong>prope</strong></span> <span class='ocrx_word' id='word_1_303' title='bbox 1067 3727 1119 3767; x_wconf 90' lang='lat' dir='ltr'><strong>me</strong></span> <span class='ocrx_word' id='word_1_304' title='bbox 1142 3705 1197 3769; x_wconf 89' lang='lat' dir='ltr'><strong>hio</strong></span> <span class='ocrx_word' id='word_1_305' title='bbox 1219 3729 1254 3774; x_wconf 90' lang='lat' dir='ltr'><strong>n.</strong></span> <span class='ocrx_word' id='word_1_306' title='bbox 1280 3710 1354 3791; x_wconf 87' lang='lat' dir='ltr'><strong>quis</strong></span> 
     </span>
     <span class='ocr_line' id='line_1_35' title="bbox 199 3803 1353 3891; baseline 0.004 -26"><span class='ocrx_word' id='word_1_307' title='bbox 199 3803 350 3887; x_wconf 87' lang='lat' dir='ltr'><strong>loquitur.</strong></span> <span class='ocrx_word' id='word_1_308' title='bbox 395 3804 548 3868; x_wconf 85' lang='lat' dir='ltr'><strong>Dasselbe</strong></span> <span class='ocrx_word' id='word_1_309' title='bbox 582 3805 664 3869; x_wconf 85' lang='lat' dir='ltr'><strong>[tud.</strong></span> <span class='ocrx_word' id='word_1_310' title='bbox 699 3806 751 3869; x_wconf 88' lang='grc'><strong>91.</strong></span> <span class='ocrx_word' id='word_1_311' title='bbox 796 3805 908 3869; x_wconf 89' lang='lat' dir='ltr'><strong>Pseud.</strong></span> <span class='ocrx_word' id='word_1_312' title='bbox 942 3806 1006 3869; x_wconf 84' lang='grc'><strong>4118</strong></span> <span class='ocrx_word' id='word_1_313' title='bbox 1038 3806 1065 3868; x_wconf 88' lang='grc'><strong>11</strong></span> <span class='ocrx_word' id='word_1_314' title='bbox 1099 3829 1131 3870; x_wconf 92' lang='lat' dir='ltr'><strong>n.</strong></span> <span class='ocrx_word' id='word_1_315' title='bbox 1163 3830 1224 3889; x_wconf 73' lang='lat' dir='ltr'><strong>prro</strong></span> <span class='ocrx_word' id='word_1_316' title='bbox 1253 3816 1353 3891; x_wconf 74' lang='lat' dir='ltr'><strong>pacto</strong></span> 
     </span>
     <span class='ocr_line' id='line_1_36' title="bbox 197 3906 1350 3989; baseline 0.006 -22"><span class='ocrx_word' id='word_1_317' title='bbox 197 3906 378 3988; x_wconf 87' lang='lat' dir='ltr'><strong>praesensit</strong></span> <span class='ocrx_word' id='word_1_318' title='bbox 400 3906 497 3989; x_wconf 88' lang='lat' dir='ltr'><strong>prius.</strong></span> <span class='ocrx_word' id='word_1_319' title='bbox 543 3907 642 3971; x_wconf 91' lang='lat' dir='ltr'><strong>Poen.</strong></span> <span class='ocrx_word' id='word_1_320' title='bbox 665 3907 728 3971; x_wconf 87' lang='grc'><strong>338</strong></span> <span class='ocrx_word' id='word_1_321' title='bbox 750 3912 825 3970; x_wconf 87' lang='lat' dir='ltr'><strong>sunt</strong></span> <span class='ocrx_word' id='word_1_322' title='bbox 852 3907 931 3970; x_wconf 89' lang='lat' dir='ltr'><strong>mihi</strong></span> <span class='ocrx_word' id='word_1_323' title='bbox 959 3908 1046 3970; x_wconf 91' lang='lat' dir='ltr'><strong>intus</strong></span> <span class='ocrx_word' id='word_1_324' title='bbox 1069 3930 1102 3971; x_wconf 90' lang='lat' dir='ltr'><strong>n.</strong></span> <span class='ocrx_word' id='word_1_325' title='bbox 1126 3914 1201 3989; x_wconf 79' lang='lat' dir='ltr'><strong>quot</strong></span> <span class='ocrx_word' id='word_1_326' title='bbox 1222 3912 1350 3974; x_wconf 91' lang='lat' dir='ltr'><strong>nummi</strong></span> 
     </span>
     <span class='ocr_line' id='line_1_37' title="bbox 202 4006 1346 4089; baseline 0.005 -21"><span class='ocrx_word' id='word_1_327' title='bbox 202 4006 301 4069; x_wconf 87' lang='lat' dir='ltr'><strong>aurei.</strong></span> <span class='ocrx_word' id='word_1_328' title='bbox 347 4006 446 4071; x_wconf 87' lang='lat' dir='ltr'><strong>Mero.</strong></span> <span class='ocrx_word' id='word_1_329' title='bbox 470 4008 533 4072; x_wconf 81' lang='lat'><strong>365</strong></span> <span class='ocrx_word' id='word_1_330' title='bbox 555 4008 710 4071; x_wconf 85' lang='lat' dir='ltr'><strong>sollicitus</strong></span> <span class='ocrx_word' id='word_1_331' title='bbox 733 4007 810 4071; x_wconf 91' lang='lat' dir='ltr'><strong>mihi</strong></span> <span class='ocrx_word' id='word_1_332' title='bbox 833 4009 941 4072; x_wconf 86' lang='lat' dir='ltr'><strong>nescio</strong></span> <span class='ocrx_word' id='word_1_333' title='bbox 965 4030 1029 4089; x_wconf 80' lang='lat' dir='ltr'><strong>qua</strong></span> <span class='ocrx_word' id='word_1_334' title='bbox 1051 4010 1086 4073; x_wconf 82' lang='lat' dir='ltr'><strong>re</strong></span> <span class='ocrx_word' id='word_1_335' title='bbox 1107 4031 1195 4074; x_wconf 90' lang='lat' dir='ltr'><strong>nuno</strong></span> <span class='ocrx_word' id='word_1_336' title='bbox 1210 4011 1346 4074; x_wconf 90' lang='lat' dir='ltr'><strong>videtur.</strong></span> 
     </span>
     <span class='ocr_line' id='line_1_38' title="bbox 196 4106 1343 4193; baseline 0.004 -24"><span class='ocrx_word' id='word_1_337' title='bbox 196 4106 280 4170; x_wconf 88' lang='lat' dir='ltr'><strong>Ter.</strong></span> <span class='ocrx_word' id='word_1_338' title='bbox 317 4109 378 4175; x_wconf 86' lang='lat' dir='ltr'><strong>Ad.</strong></span> <span class='ocrx_word' id='word_1_339' title='bbox 416 4111 479 4173; x_wconf 82' lang='lat'><strong>635</strong></span> <span class='ocrx_word' id='word_1_340' title='bbox 511 4109 620 4191; x_wconf 88' lang='lat' dir='ltr'><strong>prodit</strong></span> <span class='ocrx_word' id='word_1_341' title='bbox 651 4131 683 4172; x_wconf 90' lang='lat' dir='ltr'><strong>u.</strong></span> <span class='ocrx_word' id='word_1_342' title='bbox 720 4110 799 4193; x_wconf 86' lang='lat' dir='ltr'><strong>quis.</strong></span> <span class='ocrx_word' id='word_1_343' title='bbox 847 4110 887 4172; x_wconf 92' lang='grc'><strong>19</strong></span> <span class='ocrx_word' id='word_1_344' title='bbox 916 4132 948 4172; x_wconf 91' lang='grc'><strong>11.</strong></span> <span class='ocrx_word' id='word_1_345' title='bbox 977 4110 1051 4192; x_wconf 88' lang='lat' dir='ltr'><strong>quid</strong></span> <span class='ocrx_word' id='word_1_346' title='bbox 1085 4111 1210 4174; x_wconf 87' lang='lat' dir='ltr'><strong>tristem</strong></span> <span class='ocrx_word' id='word_1_347' title='bbox 1241 4114 1343 4174; x_wconf 88' lang='lat' dir='ltr'><strong>video.</strong></span> 
     </span>
     <span class='ocr_line' id='line_1_39' title="bbox 200 4208 1344 4292; baseline 0.005 -23"><span class='ocrx_word' id='word_1_348' title='bbox 200 4208 300 4272; x_wconf 87' lang='lat' dir='ltr'><strong>Andr.</strong></span> <span class='ocrx_word' id='word_1_349' title='bbox 333 4212 396 4274; x_wconf 79' lang='lat'><strong>855</strong></span> <span class='ocrx_word' id='word_1_350' title='bbox 425 4233 457 4272; x_wconf 90' lang='lat' dir='ltr'><strong>n.</strong></span> <span class='ocrx_word' id='word_1_351' title='bbox 493 4213 549 4291; x_wconf 80' lang='lat' dir='ltr'><strong>qui</strong></span> <span class='ocrx_word' id='word_1_352' title='bbox 581 4233 677 4275; x_wconf 85' lang='grc'><strong>111111</strong></span> <span class='ocrx_word' id='word_1_353' title='bbox 712 4212 806 4275; x_wconf 92' lang='lat' dir='ltr'><strong>modo</strong></span> <span class='ocrx_word' id='word_1_354' title='bbox 841 4212 938 4274; x_wconf 83' lang='lat' dir='ltr'><strong>venit.</strong></span> <span class='ocrx_word' id='word_1_355' title='bbox 989 4209 1067 4277; x_wconf 81' lang='lat' dir='ltr'><strong>Hoc.</strong></span> <span class='ocrx_word' id='word_1_356' title='bbox 1099 4211 1163 4276; x_wconf 84' lang='lat'><strong>319</strong></span> <span class='ocrx_word' id='word_1_357' title='bbox 1196 4235 1227 4274; x_wconf 90' lang='lat' dir='ltr'><strong>n.</strong></span> <span class='ocrx_word' id='word_1_358' title='bbox 1262 4214 1344 4292; x_wconf 80' lang='lat' dir='ltr'><strong>quod</strong></span> 
     </span>
     <span class='ocr_line' id='line_1_40' title="bbox 197 4311 1337 4394; baseline 0.003 -22"><span class='ocrx_word' id='word_1_359' title='bbox 197 4331 350 4393; x_wconf 83' lang='lat' dir='ltr'><strong>magnum</strong></span> <span class='ocrx_word' id='word_1_360' title='bbox 380 4311 499 4374; x_wconf 87' lang='lat' dir='ltr'><strong>malum</strong></span> <span class='ocrx_word' id='word_1_361' title='bbox 524 4351 561 4360; x_wconf 90' lang='lat'>—</span> <span class='ocrx_word' id='word_1_362' title='bbox 586 4334 637 4375; x_wconf 88' lang='lat' dir='ltr'><strong>me</strong></span> <span class='ocrx_word' id='word_1_363' title='bbox 666 4315 760 4377; x_wconf 89' lang='lat' dir='ltr'><strong>celas.</strong></span> <span class='ocrx_word' id='word_1_364' title='bbox 806 4312 865 4375; x_wconf 82' lang='lat' dir='ltr'><strong>Ad.</strong></span> <span class='ocrx_word' id='word_1_365' title='bbox 896 4312 958 4375; x_wconf 80' lang='lat'><strong>605</strong></span> <span class='ocrx_word' id='word_1_366' title='bbox 985 4311 1090 4394; x_wconf 86' lang='lat' dir='ltr'><strong>magis</strong></span> <span class='ocrx_word' id='word_1_367' title='bbox 1120 4317 1253 4375; x_wconf 86' lang='grc'><strong>11111111.</strong></span> <span class='ocrx_word' id='word_1_368' title='bbox 1280 4333 1337 4391; x_wconf 80' lang='lat' dir='ltr'><strong>quo</strong></span> 
     </span>
     <span class='ocr_line' id='line_1_41' title="bbox 196 4412 616 4493; baseline -0.002 -19"><span class='ocrx_word' id='word_1_369' title='bbox 196 4412 286 4474; x_wconf 81' lang='lat' dir='ltr'><strong>modo</strong></span> <span class='ocrx_word' id='word_1_370' title='bbox 309 4413 487 4493; x_wconf 86' lang='lat' dir='ltr'><strong>suspiciosi.</strong></span> <span class='ocrx_word' id='word_1_371' title='bbox 609 4416 616 4427; x_wconf 74' lang='lat'><strong>⁴</strong></span> 
     </span>
    </p>
   </div>
   <div class='ocr_carea' id='block_1_3' title="bbox 0 0 1430 5062">
    <p class='ocr_par' dir='ltr' id='par_1_4' title="bbox 0 0 1430 5062">
     <span class='ocr_line' id='line_1_42' title="bbox 0 0 1430 5062; baseline 0 0"><span class='ocrx_word' id='word_1_372' title='bbox 0 0 1430 5062; x_wconf 95' lang='lat' dir='ltr'><strong> </strong></span> 
     </span>
    </p>
   </div>
  </div>
 </body>
</html>
