2926 5062
569 337 778 400 ..61..

178 494 210 572 ξ.
238 491 312 555 316.
366 489 685 574 Abweehselung
729 489 797 553 der
841 488 1101 572 copulativen
1145 488 1237 553 Par-

83 594 237 659 tikeln.
283 593 335 657 Da
366 591 422 656 der
453 590 594 674 Spraehe
628 592 695 656 vier
722 591 859 656 Formen
889 591 945 654 der
966 590 1179 675 Verbindung
1201 613 1239 655 zu

88 696 220 760 Gebote
249 694 406 775 standen,
439 716 475 758 so
506 694 652 758 bediente
683 695 729 758 sie
752 693 820 758 siah
843 692 1010 757 derselben
1034 716 1071 757 zu
1094 693 1240 776 mannig·

90 797 222 863 faobem
246 795 413 880 Weohsel,
446 818 497 860 um
532 797 604 861 dem
639 796 847 861 stilistisohen
882 793 1088 860 Bediirfnisse
1121 817 1158 858 zu
1187 814 1239 879 ge·

91 908 215 985 mugen.
261 898 337 962 Wie
361 900 465 984 wenig
493 899 570 962 aber
592 899 664 962 eine
685 897 985 980 Grundbedeutung
1006 897 1109 960 dieser
1131 895 1239 960 Form-

92 1007 213 1065 wbrter
232 1001 405 1083 leststand,
427 1000 513 1084 zeigt
536 1000 586 1064 die
609 1022 648 1063 zu
670 999 754 1064 allen
778 998 889 1063 Zeiten
911 997 1124 1062 herrsobende
1149 996 1239 1060 Will-

92 1103 157 1166 kfir
179 1103 212 1166 in
236 1103 308 1167 dem
333 1101 523 1166 Gebrauohe
546 1101 730 1184 derselben3
753 1101 853 1165 selbst
874 1100 929 1164 der
951 1098 1172 1164 Classieismus
1187 1099 1240 1162 be-

93 1207 201 1288 wegte
222 1204 293 1268 sich
316 1204 390 1268 sehr
410 1204 472 1268 frei
495 1203 586 1267 darin
609 1204 673 1268 und
696 1203 777 1268 hielt
798 1191 860 1267 nur
882 1202 933 1266 die
955 1203 1027 1265 eine
1042 1199 1142 1285 Regel
1166 1201 1240 1282 lest,

92 1307 169 1371 dass
193 1306 408 1390 Polysyndeta
436 1305 536 1371 durch
559 1311 587 1371 et
608 1305 751 1391 gebildet
778 1305 919 1369 vvurden.
962 1303 1007 1367 Es
1037 1302 1114 1367 wird
1143 1301 1241 1365 daber

93 1409 141 1472 im
177 1407 366 1493 Folgenden
402 1416 567 1493 geuugem
604 1429 698 1471 wenn
731 1430 769 1471 zu
799 1407 861 1471 den
895 1405 1062 1470 einzelnen
1092 1404 1241 1469 Ersohei·

95 1532 231 1595 nungen
255 1511 381 1594 wenige
406 1509 563 1594 Beispiele
587 1510 732 1594 gegeben
754 1508 891 1573 werden.

185 1633 210 1696 l.
256 1628 478 1713 Nothvvendig
513 1628 639 1693 seheint
676 1628 727 1693 die
766 1625 1023 1710 Abweohselung
1066 1624 1121 1689 der
1158 1626 1240 1691 Con-

89 1731 283 1814 junctionem
317 1730 474 1795 zwischen
505 1730 657 1795 Gliedern
692 1751 755 1794 von
791 1727 1048 1813 ungleichem
1088 1727 1239 1811 Wertb,

95 1856 145 1897 wo
176 1833 340 1896 entvveder
367 1834 436 1896 eins
463 1834 535 1897 dem
564 1832 686 1896 andern
723 1831 849 1917 logiseh
886 1829 1138 1913 untergeordnet
1165 1831 1241 1893 oder

95 1934 213 1998 anders
238 1935 353 1999 betont
375 1936 427 1999 ist.
472 1935 515 1999 So
542 1932 709 1999 entstehen
739 1931 967 2017 mannigfaehe
996 1931 1240 2016 Verbiudungs·

94 2038 226 2102 reihen:

182 2139 232 2204 Ae
253 2177 295 2188 -
319 2159 393 2220 que:
437 2141 501 2206 Cio.
539 2161 570 2222 p.
608 2138 736 2206 Cluent.
766 2137 807 2201 62
834 2136 868 2200 in
897 2137 1044 2200 morbum
1068 2135 1183 2200 incidit
1203 2157 1240 2201 ae

94 2243 174 2305 satis
196 2241 404 2306 vehementer
426 2241 545 2326 diuque
566 2240 756 2326 aegrotavit.

180 2363 230 2426 Ac
254 2400 293 2410 —
317 2366 359 2425 et:
403 2383 434 2445 p.
464 2360 552 2427 Cael.
583 2360 621 2423 18
649 2380 686 2423 ao
714 2359 808 2422 multi
842 2364 876 2421 et
908 2362 1020 2422 nostra
1053 2362 1086 2421 et
1113 2316 1238 2441 patrum

98 2465 318 2547 maiorumque
346 2464 498 2526 memoria
527 2461 642 2526 summi
670 2461 816 2524 homines
839 2464 872 2523 et
895 2460 1062 2524 clarissimi
1084 2460 1168 2524 cives
1192 2460 1240 2523 fu·

100 2569 203 2631 erunt.
250 2564 345 2629 Rose.
368 2566 440 2630 Am.
464 2565 515 2648 22,
538 2565 588 2629 63.

181 2685 228 2749 Et
249 2723 292 2732 —
315 2706 389 2765 que:
420 2684 460 2747 ad
482 2684 559 2748 fam.
584 2686 633 2764 13,
656 2684 708 2769 22,
732 2685 748 2746 1
772 2705 847 2747 nani
870 2686 903 2745 et
924 2703 1049 2766 semper
1070 2703 1121 2744 me
1144 2681 1241 2745 coluit

14 2796 20 2803 '
101 2785 410 2871 diligentissimeque
432 2786 615 2850 observavit
636 2791 669 2850 et
690 2808 709 2849 a
731 2785 844 2849 studiis
859 2783 981 2847 nostris
996 2804 1062 2847 non
1078 2781 1239 2846 abhorret.

100 2911 131 2972 p.
154 2888 244 2953 Cael.
270 2888 309 2952 18
332 2888 371 2972 (s.
394 2888 500 2975 oben).

181 3007 229 3071 Et
249 3044 291 3055 -
314 3011 423 3088 utque:
460 3006 553 3072 Tuae.
576 3009 613 3089 5,
638 3007 678 3070 14
699 3007 733 3071 in
756 3006 900 3070 adeundo
924 3005 1064 3089 periculo
1086 3009 1119 3068 et
1141 3004 1175 3067 iu
1197 3003 1240 3068 la·

96 3111 174 3173 bore
197 3132 234 3174 ae
257 3108 366 3174 dolore
388 3110 524 3194 patiens.
549 3108 640 3173 Brut.
664 3110 706 3172 34
728 3112 760 3172 et
782 3109 899 3172 virtute
921 3108 1021 3172 animi
1044 3112 1141 3191 atque
1163 3108 1241 3171 vita.

96 3211 138 3274 62
161 3214 193 3274 et
215 3214 306 3274 motu
330 3214 425 3295 atque
454 3212 523 3295 ipso
552 3213 680 3276 amictu.
726 3211 765 3275 de
794 3233 840 3275 or.
867 3213 899 3290 l,
927 3209 967 3273 21
998 3211 1052 3293 qui
1081 3215 1114 3273 et
1135 3210 1241 3274 studio

96 3317 235 3395 nemore,
265 3335 362 3397 quam
391 3333 448 3375 nos
476 3334 584 3376 sumus
608 3317 703 3397 atque
726 3313 860 3391 fuimus,
885 3317 918 3377 et
939 3313 1005 3375 otio
1028 3333 1065 3374 ae
1087 3311 1241 3375 facultate

96 3417 222 3480 dicendi
250 3415 371 3478 maiore
399 3436 436 3478 ao
464 3415 635 3479 maturiore
665 3419 697 3478 et
724 3414 833 3478 labore
855 3417 951 3497 atque
973 3411 1130 3476 industria
1151 3433 1242 3495 supe·

96 3520 180 3581 riore
206 3555 250 3564 —
280 3517 423 3583 exsistat.
468 3517 559 3580 Caes.
588 3516 619 3580 b.
648 3538 680 3600 g.
709 3518 746 3597 3,
775 3516 795 3581 8
823 3514 908 3600 quod
936 3519 969 3577 et
997 3535 1093 3577 naves
1122 3513 1243 3577 habent

98 3619 215 3683 Veneti
239 3618 393 3702 plurimas
416 3654 457 3664 -
480 3622 512 3681 et
534 3617 669 3682 seientia
691 3620 786 3701 atque
814 3640 874 3681 usu
908 3618 1107 3680 nauticarum
1136 3639 1240 3680 rerum

98 3720 237 3805 reliquos
282 3721 477 3784 antecedunt
520 3722 553 3783 et
596 3720 629 3784 iu
672 3742 792 3804 magno
840 3720 963 3802 impetu
1008 3719 1103 3782 muris
1146 3722 1242 3802 atque

98 3826 211 3906 aperto
234 3825 291 3887 ctt.

187 3941 252 4021 Quo
273 3979 315 3988 -
338 3944 382 4006 et:
425 3964 456 4009 n.
486 3941 516 4006 d.
547 3944 580 4018 1,
607 3943 628 4007 3
656 3942 864 4026 desertaeque
893 3939 1081 4024 disciplinae
1117 3945 1150 4005 et
1179 3942 1242 4005 iam

101 4042 224 4126 pridem
248 4041 381 4107 relictae
403 4043 627 4126 patrocinium.

189 4162 254 4241 Que
276 4199 318 4208 -
342 4166 451 4242 utque:
473 4185 505 4228 n.
521 4162 550 4227 d.
569 4165 597 4246 l,
618 4165 628 4226 1
650 4184 750 4247 eaque
766 4163 830 4227 nisi
845 4162 1046 4244 diiudicetur,
1068 4162 1103 4226 in
1118 4183 1242 4226 summo

104 4284 207 4327 errore
227 4283 361 4327 necesse
382 4268 431 4326 est
451 4262 596 4328 homines
619 4268 716 4348 atque
738 4265 772 4328 in
796 4264 1005 4328 maximarum
1027 4283 1133 4327 rerum
1154 4264 1244 4348 igno·

106 4364 229 4430 ratione
252 4364 385 4428 versari.
967 4363 969 4367 ’

187 4464 441 4550 Verbindungen
466 4489 528 4531 von
550 4468 658 4533 mehr
680 4469 736 4532 als
765 4468 843 4532 drei
868 4467 1036 4532 Gliedern:
1081 4467 1131 4530 Ao
1155 4502 1190 4512 -
1216 4472 1243 4533 et
