3024 5070
696 332 927 397 -746-

241 487 307 552 nisi
325 487 386 551 'otte
410 486 536 568 sassa,
573 486 720 569 Spartam
756 485 899 550 futuram
932 505 1000 550 non
1025 484 1134 549 fuisse.
1179 475 1398 550 Willktirlich

243 586 327 652 auch
349 586 401 650 bei
422 585 445 651 J
451 587 563 650 nstin
595 588 648 666 13,
675 591 711 671 l,
736 589 774 652 15
795 608 960 671 nunqnam
983 587 1045 650 sibi
1068 586 1265 670 reperissent
1287 608 1397 670 pares,

242 691 358 754 anon
380 688 465 752 inter
487 709 521 752 se
544 689 792 771 concurrissent,
814 689 996 772 multosque
1012 687 1200 753 Macedonia
1221 688 1397 771 provincia

245 789 446 855 Alexandros
468 788 647 873 habuisset,
675 781 741 856 nebi
762 790 893 854 fortuna
915 810 970 854 eos
992 790 1026 854 in
1048 789 1224 873 perniciem
1245 793 1396 852 mutuam

243 896 408 956 armasset.
435 928 473 938 -
496 890 603 956 Ueber
624 893 661 957 ai
681 896 760 956 statt
781 893 811 957 sa'
831 911 897 956 non
918 913 942 955 s.
966 895 1067 956 unten
1089 890 1148 959 Nr.
1171 890 1201 956 d.

327 992 410 1057 Eine
433 993 508 1057 sehr
529 993 652 1057 seltene
675 992 887 1077 Verbindung
909 993 967 1058 ist:
991 992 1068 1058 Cio.
1092 991 1186 1057 Rosa.
1212 1012 1292 1056 com.
1315 993 1349 1074 3,
1374 993 1395 1057 9

244 1097 274 1161 si
295 1116 360 1160 noa
385 1132 415 1143 -
445 1096 593 1160 statium
622 1094 761 1181 („wenn
784 1094 861 1158 aber
882 1093 1014 1171 dooh“).
1059 1093 1159 1159 Sonat
1178 1093 1271 1158 nieht
1292 1094 1395 1158 nach-

243 1197 415 1281 gewiesen.
460 1195 571 1261 Salten
592 1196 636 1261 ist
656 1195 756 1261 auch:
792 1218 823 1279 p.
848 1193 930 1261 Sest.
953 1196 994 1261 26
1016 1195 1152 1279 denique
1174 1200 1246 1260 erat
1267 1216 1340 1274 rex,
1364 1199 1396 1261 si

243 1300 385 1364 noudum
408 1297 523 1380 socius,
546 1303 582 1363 ot
600 1317 666 1363 aon
688 1297 800 1363 hostis.

330 1400 364 1479 b)
407 1399 446 1464 Si
466 1401 574 1466 minas
595 1399 653 1486 (=
675 1399 703 1463 si
725 1400 806 1485 non)
827 1398 928 1463 findet
954 1398 1024 1463 sich
1051 1419 1102 1462 am
1131 1397 1314 1485 hiufigstsn
1340 1400 1394 1465 bei

244 1500 404 1567 Cicero:
432 1499 522 1566 Verr.
545 1502 576 1584 4,
598 1501 636 1564 21
663 1501 690 1564 si
713 1502 796 1585 quod
819 1506 888 1564 erat
909 1492 1031 1584 grande
1053 1521 1108 1564 vas
1131 1541 1187 1580 -,
1212 1501 1289 1566 lasti
1311 1503 1393 1567 affe·

129 1661 134 1670 .
242 1604 375 1688 rebant,
398 1603 426 1667 si
446 1603 554 1667 minus
576 1602 732 1667 eiusmodi
754 1601 919 1686 quidpiam
935 1603 1045 1666 venari
1060 1604 1230 1685 potuerant
1245 1607 1300 1669 ott.
1326 1603 1392 1688 leg.

241 1726 310 1789 agr.
333 1704 364 1787 2,
389 1706 430 1768 14
450 1705 478 1768 si
501 1727 540 1769 m.
566 1705 633 1769 iure
656 1704 774 1788 aliquo,
795 1708 830 1768 at
843 1703 1029 1787 regionibus
1045 1708 1150 1768 tamen
1167 1705 1272 1769 certis.
1309 1705 1391 1774 fam.

239 1807 270 1890 2,
289 1807 319 1889 6,
335 1808 356 1871 3
371 1807 399 1871 si
414 1828 456 1871 m.
474 1810 651 1889 potentem,
674 1810 709 1870 at
730 1805 900 1888 probatam
922 1808 1041 1868 tamea
1078 1803 1146 1870 Cat.
1167 1808 1193 1887 1,
1216 1805 1280 1869 asi
1294 1827 1340 1871 m.
1356 1809 1392 1870 in

240 1929 392 1993 praesens
415 1912 550 1992 tempus,
574 1912 608 1970 at
622 1907 656 1970 in
672 1906 904 1991 posteritatem.
936 1929 967 1990 p.
985 1906 1109 1972 Cluent.
1125 1906 1146 1970 6
1160 1927 1227 1970 non
1242 1906 1392 1972 timuisse

241 2011 268 2074 si
291 2033 332 2075 m.
356 2010 421 2074 vim
444 2011 575 2074 deorum
598 2044 639 2057 -
662 2012 696 2072 at
717 2007 807 2072 illam
828 2008 931 2092 ipsam
954 2012 1092 2074 noctem.
1123 2029 1154 2092 p.
1179 2005 1281 2072 Balbo
1308 2013 1335 2088 l,
1359 2010 1390 2078 2.

240 2133 272 2194 p.
295 2110 404 2176 Plano.
432 2111 471 2174 12
492 2110 607 2175 omitto
630 2110 697 2192 illa,
722 2131 813 2194 quae,
836 2110 866 2173 si
888 2131 929 2174 m.
952 2111 986 2174 in
1008 2131 1124 2174 scaena
1145 2114 1230 2193 sunt,
1255 2115 1289 2175 at
1311 2116 1393 2176 certa

241 2211 422 2276 laudantur.
469 2212 522 2276 off.
544 2211 576 2293 3,
602 2212 618 2274 1
642 2211 697 2276 sed
720 2212 748 2275 si
770 2233 813 2280 m.
836 2211 1016 2276 imitatione
1040 2248 1077 2258 -
1102 2211 1255 2295 consequi
1278 2232 1392 2296 possu-

241 2333 321 2395 mus,
343 2313 508 2378 voluntate
531 2318 609 2378 certe
630 2312 777 2396 proxime
800 2313 986 2378 accedimus.
1017 2312 1093 2375 fam.
1109 2312 1141 2394 4,
1156 2312 1185 2389 8,
1201 2312 1222 2375 2
1236 2312 1263 2376 si
1279 2314 1390 2378 minus

240 2449 283 2461 -
306 2418 402 2479 certe.
447 2415 486 2479 de
508 2414 576 2478 fato
601 2414 689 2478 rusi
711 2436 754 2478 m.
779 2414 892 2493 verbis,
917 2436 952 2478 re
967 2414 1093 2499 cogitur
1107 2413 1262 2478 confiteri.
1293 2415 1390 2480 Auch

241 2517 294 2581 sin
315 2518 422 2582 minus
444 2515 525 2582 nach
549 2515 843 2600 voraufgehendem
865 2518 910 2581 si:
939 2516 1003 2583 inv.
1025 2514 1046 2577 2
1068 2518 1088 2596 6
1111 2514 1151 2578 88
1174 2514 1337 2596 defendet,
1361 2518 1390 2582 si

242 2619 375 2701 poterit,
398 2619 448 2682 sin
477 2639 518 2682 m.
547 2618 682 2702 poterit,
712 2617 847 2702 negabit
870 2620 925 2682 ott.
970 2618 1038 2681 Att.
1060 2616 1092 2699 b,
1118 2615 1172 2695 18,
1195 2618 1216 2714 2
1239 2617 1266 2680 si
1288 2618 1389 2683 fuerit

243 2719 379 2798 oceasi0,
404 2740 514 2803 manu3
537 2720 588 2783 sin
610 2741 663 2802 m,
685 2717 764 2784 loeis
786 2741 845 2784 nos
867 2718 1082 2783 defendemus.

328 2818 424 2885 Bell.
455 2820 508 2884 Af
516 2843 541 2884 r.
571 2822 613 2886 45
640 2824 753 2886 contra
781 2821 870 2886 cuius
898 2822 988 2897 enim,
1013 2820 1119 2903 copias
1142 2819 1337 2901 contendas,
1361 2824 1389 2887 si

242 2944 285 2986 m.
309 2924 405 2986 antea
432 2926 581 3007 expertus
609 2944 658 3006 es,
691 2922 767 2987 licet
794 2944 881 2988 nunc
908 2943 1094 3008 cognoscas.
1123 2958 1163 2968 —
1187 2920 1267 2986 Liv.
1290 2923 1346 3007 24,
1368 2926 1389 2990 8

241 3022 365 3107 pedites
387 3025 573 3109 equitesque
595 3029 741 3108 optamus
765 3029 801 3088 nt
822 3024 1002 3102 validiores,
1024 3025 1052 3087 si
1065 3045 1116 3101 m,
1140 3026 1177 3086 ut
1191 3045 1285 3106 pares
1301 3025 1390 3092 hosti

241 3124 424 3190 habeamus.
468 3126 520 3208 31,
543 3125 596 3208 36,
619 3125 647 3190 2.

329 3228 360 3312 c)
404 3227 499 3294 Scaeas
520 3231 578 3309 (ε
601 3226 708 3314 aliter)
738 3228 821 3293 nach
848 3230 877 3294 si
905 3228 986 3292 oder
1014 3226 1216 3312 gewdhnlich
1244 3230 1299 3294 sia
1322 3253 1391 3295 war

242 3328 350 3414 weuig
371 3328 612 3413 gebr‘auohlioh,
635 3328 723 3393 steht
744 3330 820 3394 aber
842 3329 943 3395 sehon
965 3330 1017 3394 bei
1038 3327 1167 3393 Plaut.
1191 3328 1278 3395 Trin.
1306 3334 1390 3399 1064

243 3430 271 3494 si
294 3430 421 3508 bonust,
445 3430 604 3495 obnoxius
627 3452 713 3514 sum,
736 3430 787 3494 sin
809 3436 924 3510 secust,
946 3430 1064 3496 faciam
1086 3436 1122 3494 ut
1142 3452 1266 3497 mones.
1313 3433 1390 3501 Cas.

245 3531 275 3610 2,
299 3532 331 3613 6,
353 3531 396 3596 25
418 3531 445 3595 si
467 3532 608 3614 eveniet,
637 3531 863 3616 gaudebimus3
886 3533 936 3597 sin
958 3553 1058 3612 secus,
1081 3532 1248 3616 patiemur.
1293 3535 1390 3603 Ohne

242 3632 520 3716 voraufgehendes
551 3635 597 3699 si:
634 3637 718 3717 capt.
746 3633 808 3698 625
841 3633 902 3697 hoo
929 3633 957 3696 si
985 3654 1077 3698 secus
1105 3633 1306 3719 (‚,anders“)
1340 3661 1389 3703 re·

242 3735 346 3819 peries
369 3737 424 3798 ott.
470 3734 561 3800 Auoh
584 3734 660 3801 Cio.
684 3735 765 3799 Tim.
788 3734 809 3798 2
831 3735 858 3799 si
884 3734 1018 3818 pulcher
1039 3733 1163 3817 estlhic
1184 3736 1324 3802 mundus
1345 3778 1389 3789 -

242 3835 294 3898 sin
316 3855 408 3899 secus
431 3838 487 3899 ctt.

327 3936 360 4016 d)
404 3936 453 4002 Ni
474 3936 518 4001 im
547 3936 843 4023 Bedingungssatze
876 3938 963 4003 steht
992 3938 1043 4002 bei
1076 3936 1285 4004 archaisehe'n
1319 3944 1389 4008 und

242 4037 307 4102 fast
327 4036 441 4102 immer
462 4038 514 4103 bei
534 4037 732 4104 klassischen
753 4043 897 4105 Antoren
918 4040 953 4105 in
975 4039 1158 4104 demselben
1180 4038 1298 4125 Sinne,
1327 4044 1390 4110 wie

242 4142 374 4219 sinam
406 4160 468 4202 nur
495 4140 530 4203 in
559 4140 612 4204 ein
634 4163 713 4224 paar
735 4140 856 4207 Stellen
878 4142 933 4206 des
955 4139 1068 4206 Oicero
1090 4141 1157 4206 und
1184 4141 1274 4207 dann
1299 4145 1387 4210 'oster

242 4241 305 4307 seit
328 4240 434 4305 Livius
457 4241 554 4306 istas
576 4241 659 4306 auch
681 4242 967 4327 gieiohbedeutend
990 4243 1049 4307 mit
1068 4245 1143 4309 nisi.
1187 4242 1249 4309 Die
1270 4245 1390 4314 tlteste

243 4342 326 4428 Spur
347 4344 449 4407 daron
471 4343 516 4407 ist
536 4342 587 4407 die
615 4343 700 4408 nach
726 4344 840 4409 Festus
862 4366 891 4428 p.
916 4345 992 4423 177,
1022 4344 1062 4407 21
1091 4343 1191 4408 sehon
1221 4367 1285 4411 von
1315 4348 1389 4414 Ser·

243 4444 313 4508 vius
346 4443 470 4508 Tullius
503 4443 707 4529 eingeftihrte
737 4445 942 4533 Benennnng
969 4446 1006 4512 ui
1033 4447 1104 4530 quis
1129 4447 1218 4511 sciat
1245 4446 1299 4511 nu
1322 4449 1390 4516 die·
