2850 5062
582 349 806 411 -477-

207 502 285 568 cio.
304 501 394 567 Verr.
409 504 440 585 5,
459 503 476 565 7
495 502 689 586 excogitavit
712 502 819 564 nescio
842 502 927 584 quid,
952 500 1069 574 attulit,
1108 504 1161 569 1111.
1177 505 1207 579 4,
1224 503 1265 566 25

113 607 248 669 differre
270 606 355 669 inter
376 604 547 668 honestum
571 607 604 666 et
618 610 712 686 turpe
728 603 863 667 nimium
880 608 1045 686 quantum,
1066 606 1174 670 nescio
1189 605 1264 688 quid

112 707 327 770 immensum.
365 728 396 790 p.
413 705 511 769 Areh.
536 707 553 769 7
577 707 645 768 tum
668 704 747 767 illud
769 725 801 766 n.
827 704 900 784 quid
922 704 1118 788 praeclarum
1141 728 1178 770 ec
1200 707 1266 769 sin·

111 812 231 893 gulare
254 808 357 872 solere
380 809 540 871 exsistere.
584 807 661 870 farn.
686 807 714 884 7,
737 806 767 882 5,
791 807 811 867 2
834 810 924 869 tenta
945 806 1008 869 fuit
1030 809 1263 890 opportunitaS‚

114 916 157 974 ut
185 909 263 973 illud
295 909 403 973 nescio
431 909 515 990 quod
542 930 608 973 non
635 907 818 983 fortuitum,
847 908 901 970 sed
929 906 1073 970 divinum
1098 909 1265 977 videretur.

115 1013 152 1094 5,
171 1014 220 1094 15,
238 1012 258 1076 3
282 1032 357 1074 eeeu
378 1033 410 1074 11.
434 1031 497 1094 quo
520 1011 553 1073 in
577 1032 615 1073 ea
629 1014 776 1091 tempora
791 1013 901 1072 nostra
916 1012 1004 1073 aeta‘s
1019 1009 1141 1095 incidit,
1158 1017 1193 1074 ut
1208 1016 1262 1075 etl.

114 1114 206 1177 lbid:
229 1112 285 1176 sed
307 1114 417 1176 nescio
439 1113 660 1193 quomodo-
684 1109 840 1174 ridentur.
889 1108 974 1173 Brut.
991 1110 1032 1175 86
1055 1110 1145 1174 addis
1166 1111 1264 1175 etiam

120 1238 155 1279 n.
178 1214 258 1299 quid
280 1216 457 1298 augustius.
503 1236 533 1297 p.
552 1213 655 1276 Deiot.
681 1213 710 1292 8,
733 1212 784 1277 24.
828 1210 922 1275 Tuse.
937 1213 967 1292 3,
983 1212 1013 1288 6,
1039 1212 1087 1275 12.
1113 1215 1140 1288 1,
1161 1214 1206 1291 15,
1223 1214 1264 1275 33
1388 1203 1391 1206 ’

120 1317 180 1381 sed
203 1339 236 1381 n.
260 1315 439 1401 quomodo
464 1354 502 1362 —
525 1314 681 1382 inhaeret.
720 1313 879 1378 Dasselbe
902 1335 932 1395 p.
957 1312 1025 1376 Mil.
1048 1312 1107 1394 28,
1138 1314 1187 1377 76.
1210 1314 1265 1378 fin.

117 1421 151 1496 5,
175 1419 227 1482 26.
260 1418 290 1495 5,
313 1420 334 1481 5
355 1417 410 1482 sed
432 1439 463 1485 11.
494 1438 555 1499 quo
577 1422 671 1500 pacto
701 1416 924 1481 auctoritatem
947 1414 1047 1478 oratio
1068 1436 1136 1478 non
1158 1413 1264 1481 habet.

117 1519 215 1584 Catil.
246 1519 330 1601 1,13
352 1542 384 1586 n.
408 1540 470 1602 quo
494 1523 588 1602 pacto
607 1557 642 1564 -
661 1519 775 1602 erupit.
800 1521 879 1584 oret.
901 1516 953 1596 24,
978 1516 1019 1579 79
1042 1517 1150 1580 neseio
1172 1519 1264 1581 unde.

117 1621 214 1685 Tusc.
246 1623 274 1705 1,
302 1620 355 1702 38,
382 1620 424 1683 92
451 1643 482 1683 n.
516 1621 643 1702 quando
671 1621 705 1684 in
734 1620 848 1684 Latmo
875 1617 1077 1681 obdormivit.
1108 1656 1149 1665 -
1172 1616 1265 1682 Mehr

120 1722 245 1787 Stellen
269 1723 359 1806 giebt
372 1720 470 1785 Klotz
492 1722 535 1785 im
553 1718 1144 1803 1161111011.Αε1111111111111118ρῆ161ε111,
1183 1718 1265 1784 doeh
1320 1739 1330 1753 ·

123 1823 216 1888 nicht
255 1824 424 1908 genegend
458 1822 656 1887 beobeehtet.
713 1822 770 1887 Bei
808 1820 966 1886 manahen
1002 1819 1264 1903 Schriftstellern,

121 1923 324 1989 namentlich
347 1923 560 2002 Historikern‚
583 1924 709 1988 seheint
724 1924 810 1988 diese
832 1922 991 1988 Satzform
1014 1945 1052 1986 zu
1074 1922 1192 2000 fehlen,
1216 1923 1267 1986 bei

119 2026 284 2091 Sallust
310 2027 397 2090 steht
418 2027 464 2091 sie
486 2049 547 2090 nur
569 2026 607 2091 fr.
630 2028 661 2106 3,
685 2027 737 2102 81,
760 2025 802 2088 26
823 2023 880 2088 Kr.
908 2024 1014 2089 nescio
1036 2045 1099 2109 qua
1122 2025 1265 2107 torped0.

198 2131 227 2208 8
249 2128 321 2192 466.
368 2127 528 2192 Aehnlieh
556 2127 628 2191 sind
658 2127 708 2191 die
736 2126 946 2191 seheinbaren
969 2125 1161 2209 l'ragesittze
1183 2126 1266 2190 nach

120 2228 352 2294 Adverbien
381 2229 448 2293 und
476 2230 692 2293 neutralen
718 2228 973 2312 Adjectiven‚
1003 2226 1053 2290 die
1076 2228 1147 2292 eine
1169 2227 1284 2318 Ver·¹

119 2331 365 2414 wunderung
397 2331 474 2394 oder
507 2332 579 2395 eine
612 2331 859 2415 Steigerung
892 2329 947 2392 «les
982 2329 1166 2393 Ausdrucks
1199 2335 1266 2392 ent-

119 2421 243 2496 halten.
287 2431 335 2495 Im
359 2430 488 2496 Grunde
510 2433 581 2497 sind
608 2434 674 2497 dies
697 2431 962 2496 exclamative
985 2429 1085 2494 S'ritze.
1112 2468 1148 2477 -
1174 2431 1265 2496 Auch

125 2535 236 2597 hierzu
259 2534 349 2617 giebt
371 2556 404 2597 es
426 2534 627 2619 griechisehe
650 2533 843 2610 Parellelen‚
869 2533 928 2595 wie
949 2528 1152 2615 θαυμαστὸν
1175 2529 1266 2617 ὅσον,

119 2631 306 2718 ὑπερφυῶς
328 2632 384 2717 ὥς,
408 2636 485 2699 aber
506 2637 601 2699 einen
618 2636 822 2699 Graecismue
845 2633 960 2698 nehme
982 2632 1265 2698 1651108138-

122 2738 194 2801 Aus
217 2738 273 2800 der
294 2736 624 2802 vorklaseischen
648 2737 719 2801 Zeit
740 2736 867 2800 werden
889 2758 950 2799 nur
971 2736 1123 2819 wenige
1145 2735 1266 2800 Stellen

119 2839 224 2903 citirt:
247 2838 303 2902 Pl.
327 2838 443 2904 Bacch.
465 2840 528 2903 545
549 2861 590 2902 ne
611 2842 646 2901 tu
667 2838 796 2903 illorum
819 2859 922 2902 mores
939 2858 1097 2920 perquam
1112 2838 1266 2902 meditate

122 2947 227 3005 tenes.
272 2940 389 3024 Amph.
422 2941 483 3004 541
517 2942 687 3006 admodum
719 2962 814 3023 quam
848 2960 958 3003 saevos
992 2946 1050 3003 eet.
1098 2939 1171 3003 Dies
1205 2961 1266 3004 nur

119 3043 206 3108 noch
237 3043 287 3106 bei
316 3042 446 3106 Gellius.
492 3046 573 3126 cept.
602 3043 643 3106 98
672 3043 768 3105 nimis
795 3061 889 3123 quam
919 3041 1024 3124 cupi0.
1070 3040 1143 3105 Und
1173 3041 1265 3108 litter.

120 3145 150 3208 Τ
162 3167 210 3208 er.
234 3142 362 3207 Phorm.
384 3144 445 3207 247
469 3143 688 3207 incredibilest
709 3147 861 3226 quantum
885 3163 974 3205 erum
996 3146 1072 3206 aute
1087 3163 1125 3205 eo
1141 3143 1268 3224 sapien-

120 3247 176 3313 tia.
213 3244 313 3310 Sonat
334 3251 456 3309 setzten
479 3245 529 3308 die
544 3243 700 3309 Komiker
721 3242 803 3307 nach
821 3242 935 3306 Verbis
950 3242 1087 3306 mirandi
1105 3244 1166 3307 den
1183 3244 1266 3308 Con·

119 3347 260 3430 junctiv.

187 3448 281 3537 ,Von
309 3447 447 3513 Cicero
481 3451 522 3513 ab
550 3447 628 3510 wird
662 3447 712 3511 die
741 3446 968 3511 Construction
1002 3446 1163 3531 hiiufiger:
1196 3449 1266 3510 Att.

126 3551 175 3632 13,
197 3551 251 3629 40,
274 3550 295 3612 2
317 3550 431 3613 mirum
454 3572 549 3634 quem
572 3549 720 3613 inimicus
742 3549 818 3612 ibat.
846 3551 871 3627 1,
899 3550 947 3631 11,
970 3550 990 3614 3
1013 3551 1092 3614 mire
1115 3570 1210 3632 quem
1227 3585 1266 3597 —

123 3652 273 3716 delectat.
311 3650 410 3716 Sonst
430 3651 593 3736 nirgends.
632 3653 685 3715 fin.
708 3652 740 3732 4,
756 3651 798 3714 25
820 3650 945 3713 differre
961 3689 997 3698 -
1011 3652 1149 3716 nimium
1163 3673 1263 3734 quen-

122 3759 201 3819 tum.
247 3774 292 3818 or.
316 3753 368 3835 26,
390 3754 441 3817 87.
471 3755 556 3838 legg.
586 3755 616 3832 2,
643 3754 690 3830 10,
714 3752 755 3816 23
784 3752 934 3816 conclusa
954 3757 1002 3816 est
1016 3790 1058 3802 -—
1072 3775 1151 3819 sane
1173 3774 1267 3836 quam

126 3856 225 3919 brevi.
276 3854 316 3917 ad
338 3853 396 3929 Qu.
420 3855 459 3919 fr.
483 3855 514 3936 2,
537 3857 567 3938 6,
589 3856 610 3919 5
632 3874 710 3917 sane
732 3874 828 3936 quam
851 3855 985 3919 refrixit.
1032 3854 1103 3919 Und
1128 3856 1212 3918 iliter
1234 3855 1265 3917 iu

122 3958 189 4020 den
217 3955 357 4023 Briefen.
403 3953 549 4039 Sulpie.
584 3956 623 4019 ad
658 3955 732 4023 farn.
761 3956 790 4030 4,
820 3957 849 4033 5,
876 3958 904 4018 1.
950 3955 1135 4022 Vereinzelt
1167 3957 1269 4019 steht:

125 4058 234 4124 Brut.
256 4056 299 4120 ib.
326 4059 373 4132 11,
399 4057 449 4137 13,
472 4059 492 4120 3
515 4078 589 4121 euos
611 4058 701 4122 valle
722 4077 817 4139 quem
841 4078 960 4139 paucos
982 4057 1089 4123 habet.

211 4160 281 4222 Aus
303 4157 419 4223 Caesar
441 4158 521 4222 wird
542 4158 650 4222 niehts
672 4157 768 4222 citirt.

211 4259 303 4325 Sall.
327 4260 423 4346 frgm,
438 4260 467 4343 2,
485 4261 525 4323 76
548 4258 636 4346 (Kr.)
660 4261 798 4323 immane
819 4263 974 4343 quantum
995 4263 1095 4325 animi
1114 4283 1267 4331 exarsere,

125 4361 218 4426 Hor.
243 4361 293 4425 od.
321 4366 346 4438 1,
371 4363 421 4439 27,
445 4363 465 4424 6
487 4363 626 4425 immane
649 4364 803 4444 quantum
827 4360 995 4444 discrepat.
1040 4362 1195 4427 Dasselbe
1219 4365 1268 4428 bei

124 4464 298 4547 Spfiteren,
321 4485 346 4527 s.
369 4467 479 4527 unten.
