2926 5062
587 344 795 410 ...59-

108 506 212 587 atque
246 502 353 567 omnis
389 499 487 564 Italia
518 499 728 567 iudicavisset.
773 496 851 564 Sall.
886 496 955 564 cat.
983 499 1026 562 60
1053 520 1080 563 c.
1112 520 1150 564 ac
1171 499 1259 563 ratus

109 610 192 670 erat
238 604 348 669 Seltcn
372 603 422 667 bei
445 601 608 686 Spiteren.

200 706 294 771 Nach
315 726 404 771 saccos
421 712 466 787 (u.
480 705 620 787 sequitu)
642 702 726 768 noch
749 703 840 768 nicht
863 704 912 769 bei
929 703 1071 784 Plautus,
1094 706 1259 789 detquom

106 813 210 893 aetat,
247 809 325 872 aber
357 807 455 872 schon
483 805 565 870 Tcr.
595 804 673 908 Hec.
697 808 732 884 9,
755 807 792 884 3,
816 807 837 871 5
858 828 1024 892 uunquam
1047 829 1139 872 secus
1161 807 1258 873 habui

106 912 201 977 illam
223 912 312 977 acsi
335 933 375 975 cx
396 932 448 975 me
469 913 553 974 esset
579 908 665 979 nata.
712 907 769 973 Bei
797 909 940 975 Cicero
968 909 1173 994 gewohnlieh
1199 911 1259 976 mit

110 1013 338 1100 Negation:
375 1035 406 1097 p.
441 1011 552 1077 Planc.
582 1015 597 1075 1
627 1033 693 1076 non
722 1033 813 1076 secus
843 1032 881 1075 ac
909 1034 1011 1077 meam
1040 1012 1122 1077 tueri
1145 1012 1256 1078 debeo.

109 1140 144 1202 p.
169 1115 251 1180 Mur.
275 1116 297 1180 4
319 1136 387 1180 non
415 1136 440 1178 s.
465 1135 502 1203 ac
524 1113 552 1178 si
573 1134 662 1179 meus
684 1116 769 1178 esset
790 1114 899 1177 frater.
947 1114 1022 1177 lam.
1045 1115 1074 1193 3,
1098 1115 1129 1196 5,
1152 1114 1174 1178 4
1194 1136 1261 1179 non

110 1242 138 1283 s.
163 1240 200 1282 ac
222 1218 250 1282 si
278 1221 311 1282 te
340 1215 499 1280 vidissem.
548 1215 587 1279 de
617 1237 660 1279 or.
691 1216 720 1292 2,
754 1216 775 1280 6
809 1237 875 1280 non
906 1215 972 1279 dixi
1006 1236 1096 1280 secus
1121 1237 1158 1281 ac
1187 1238 1260 1281 aen-

110 1320 245 1384 tiebum.
291 1318 404 1384 Ohne
425 1317 604 1403 Negation:
627 1319 658 1400 3,
680 1318 722 1381 30
744 1316 853 1400 paullo
876 1339 966 1382 secus
988 1340 1007 1381 a
1029 1340 1079 1382 me
1101 1322 1196 1402 atque
1218 1319 1259 1382 ab

112 1423 173 1487 illo
208 1422 327 1506 partita
363 1441 402 1484 ac
438 1418 618 1486 distributa.
661 1441 694 1482 n.
723 1418 752 1482 d.
781 1420 812 1497 2,
841 1420 1034 1504 9qu0uiam
1058 1421 1147 1503 coepi
1170 1441 1260 1485 secus

112 1546 212 1609 agere
235 1533 332 1607 atque
353 1522 447 1587 initio
477 1521 629 1586 dixeram.
673 1525 753 1585 orat.
779 1522 819 1586 14
841 1521 1006 1606 aliquantu
1039 1544 1130 1586 aecus
1163 1525 1259 1606 atque

112 1627 148 1690 in
179 1624 335 1690 tradenda
371 1629 440 1690 arte
469 1625 532 1689 dici
560 1623 652 1691 solet.
690 1662 730 1671 -
767 1622 862 1691 Sall.
890 1623 967 1710 Jng.
992 1623 1048 1704 79,
1077 1625 1098 1687 6
1125 1622 1210 1687 haud
1233 1647 1258 1688 s.

113 1732 211 1812 atque
247 1726 281 1791 in
319 1727 419 1804 mari,
455 1726 522 1791 und
558 1727 652 1790 iifter.
683 1763 720 1773 —
751 1725 794 1791 So
823 1725 905 1790 auch
935 1725 984 1789 bei
1015 1724 1170 1789 Dichtern
1193 1725 1259 1789 und

113 1829 287 1914 Spitercn3
325 1828 471 1893 daneben
502 1827 604 1893 findet
637 1826 706 1893 sich
738 1829 815 1893 aber
846 1828 880 1891 iu
914 1827 1000 1892 allen
1036 1824 1149 1893 Zeiten
1178 1826 1259 1891 auch

38 1953 45 1968 ·
113 1951 331 2013 mquam.

202 2033 258 2097 Bei
281 2030 393 2116 Apul.
416 2036 491 2097 met.
515 2033 544 2110 9,
568 2033 609 2096 29
636 2032 737 2098 findet
765 2032 833 2098 sich
867 2030 938 2119 (ἀπ.
977 2033 1055 2117 elo.)
1091 2055 1172 2117 quae
1209 2055 1259 2098 res

116 2158 186 2201 cum
209 2135 238 2200 ei
260 2137 391 2218 aequitas
411 2156 449 2199 ao
476 2140 547 2200 rata
574 2136 695 2218 fuerat,
723 2135 913 2218 proveniret.
959 2134 1142 2200 Felsehlich
1171 2136 1259 2200 citirt

115 2239 208 2303 Klotz
231 2236 264 2306 S.
291 2237 383 2317 1273,
406 2236 439 2301 11
460 2236 542 2301 auch
565 2236 687 2303 Stellen
709 2239 770 2302 mit
789 2240 888 2303 moins
909 2243 1003 2320 atque
1024 2259 1082 2302 aus
1104 2237 1221 2321 virgil.

198 2337 293 2404 Nach
317 2339 504 2403 verneinten
527 2360 639 2422 oeque,
662 2341 812 2422 adaeque
836 2340 1000 2405 dissimilis
1020 2362 1051 2403 u.
1075 2341 1255 2405 consimilis.

116 2440 220 2510 Plaut.
253 2439 328 2505 Aul.
365 2440 429 2505 295
458 2462 574 2524 pumex
605 2462 671 2505 non
705 2445 835 2525 aequest
864 2441 971 2505 aridus
1000 2445 1096 2525 atque
1129 2439 1182 2504 hic
1211 2444 1260 2505 est

119 2565 224 2611 senex.
268 2543 336 2608 mil.
374 2542 436 2606 668
468 2546 537 2606 tum
571 2542 611 2607 ad
640 2542 820 2607 saltandum
849 2564 915 2607 non
945 2544 1097 2608 cinaedus
1118 2543 1258 2608 malacus

117 2648 251 2730 aequest
279 2646 376 2729 atque
406 2665 475 2729 ego.
520 2643 592 2710 cas.
623 2645 665 2709 38
694 2666 867 2729 numquam
896 2685 936 2694 -
958 2666 1058 2730 aeque
1081 2650 1178 2729 atque
1201 2650 1256 2710 ctt.

116 2748 178 2812 705
203 2746 323 2811 nebula
351 2745 435 2811 haud
463 2750 512 2810 est
547 2745 653 2811 mollis
681 2768 780 2830 aeque
812 2751 908 2832 atque
938 2747 1032 2813 huius
1061 2769 1176 2831 corpus
1203 2753 1259 2816 est.

115 2854 199 2934 capt.
223 2850 288 2914 999
318 2850 408 2914 nullo
430 2850 599 2932 Moeoacsl
621 2848 789 2914 Acheruns
805 2854 900 2934 atque
915 2850 969 2915 ubi
985 2872 1045 2934 ege
1061 2850 1116 2918 lui.
1140 2849 1256 2915 Bacch.

118 2952 183 3017 454
203 2953 285 3017 loct
305 2952 461 3016 consimili
483 2951 615 3036 ingenio
638 2955 734 3037 atque
756 2952 850 3017 illest
874 2990 914 2999 —
938 2953 1015 3018 Cic.
1040 2955 1108 3017 Att.
1131 2953 1161 3035 2,
1184 2954 1215 3035 3,
1239 2954 1259 3017 3

116 3053 200 3138 qnod
234 3056 284 3118 est
316 3072 381 3118 non
408 3054 559 3119 dissimile
587 3057 682 3138 atque
710 3055 757 3118 ire
778 3055 812 3119 in
836 3053 1012 3120 Solonium.
1057 3054 1206 3120 Cornif.
1228 3056 1257 3118 3.

116 3155 222 3238 6,12.
266 3154 345 3219 Liv.
367 3155 399 3238 5,
422 3156 452 3234 5,
478 3155 518 3219 12
539 3153 620 3220 haec
643 3159 719 3220 sunt
747 3156 883 3221 consilia
914 3159 1033 3238 vestra,
1071 3178 1137 3220 non
1170 3156 1259 3221 dissi·

121 3257 212 3322 milia
232 3279 270 3322 ac
293 3257 320 3322 si
343 3258 414 3341 quis
437 3261 493 3322 ctt.
738 3272 740 3275 ’

203 3361 235 3445 c)
280 3360 384 3441 Atque
419 3358 505 3424 nach
542 3358 849 3443 Comparativen
886 3364 967 3425 stati
1002 3382 1100 3443 quam
1132 3361 1259 3444 zufolge

117 3461 206 3526 einer
226 3460 372 3526 falschen
395 3461 565 3545 Analogia,
589 3461 666 3527 aber
688 3466 827 3527 iusserat
848 3461 966 3526 seiten:
1011 3461 1138 3527 Plaut.
1160 3461 1258 3530 Mera.

117 3563 177 3628 897
211 3562 343 3627 amicior
374 3563 454 3627 mihi
480 3563 587 3628 nullus
614 3564 693 3628 vivit
722 3567 817 3648 atqua
845 3564 872 3628 is
900 3568 959 3628 est.
1009 3563 1080 3629 Cas.
1109 3565 1171 3628 716
1200 3585 1259 3628 nec

118 3664 278 3730 fallaciam
299 3664 486 3729 astutiorem
508 3664 592 3730 nllus
614 3665 691 3731 fecit
713 3669 809 3749 poeta
831 3669 928 3749 atque
949 3670 984 3730 ut
1005 3665 1084 3730 haec
1107 3670 1156 3730 eat
1170 3666 1259 3730 fabre

121 3766 206 3831 iacta
228 3765 370 3830 anobis.
414 3765 497 3830 Ter.
521 3767 623 3831 Andr.
645 3768 681 3849 4,
708 3767 743 3846 2,
768 3768 815 3831 15.
860 3765 971 3832 Oafter
999 3766 1090 3831 nicht
1117 3768 1151 3832 in
1178 3767 1260 3832 alter

119 3868 198 3933 Zeit.
244 3865 302 3930 Bei
329 3867 524 3933 klassischen
554 3869 746 3934 Prosaikem
773 3890 835 3932 nur
862 3868 927 3932 ain
956 3867 1037 3932 Mal:
1083 3869 1159 3935 (lic.
1190 3870 1257 3934 Ait.

117 3971 148 4047 5,
174 3973 225 4047 11,
249 3969 270 4032 9
292 3969 418 4033 videtur
444 3992 510 4036 non
535 3972 643 4036 minas
672 3970 829 4035 stomachi
866 3974 975 4034 nostro
1012 3971 1068 4057 (=
1092 3970 1258 4055 Pompeio)
1318 4027 1325 4037 .

119 4094 157 4138 oc
189 4071 319 4137 Caesari
357 4071 480 4136 fecisse.
525 4071 673 4137 Diesclbe
710 4071 923 4156 Verbindung
956 4073 1006 4136 bei
1035 4072 1168 4138 Catuli
1205 4074 1258 4155 61,

122 4175 181 4239 176
208 4172 256 4237 illi
285 4193 353 4236 non
379 4173 484 4237 minus
511 4195 549 4238 ac
576 4174 637 4238 tibi
670 4178 800 4258 pectore
833 4174 935 4237 uritur
970 4174 1084 4239 intimo
1119 4174 1259 4239 flamma.

17 4298 26 4309 ·
121 4274 228 4361 Virg.
253 4276 335 4338 Aen.
357 4274 387 4355 3,
409 4275 469 4339 561
493 4275 579 4338 haud
601 4276 706 4339 minus
728 4296 767 4339 ac
793 4274 869 4338 iussi
897 4276 1022 4341 iaciunt
1054 4275 1151 4358 (nach
1174 4277 1258 4339 Ana·

120 4376 203 4461 logie
225 4397 291 4440 von
314 4396 345 4438 r.
369 4374 431 4439 236
452 4374 537 4440 haud
560 4398 650 4443 secus
672 4399 709 4442 ao
723 4377 801 4441 iussi
815 4375 959 4474 iaciunt).
997 4383 1060 4442 Am
1075 4376 1259 4460 hiinfigsten

122 4477 169 4542 bei
190 4477 325 4543 Horaz
353 4476 416 4540 und
439 4499 523 4543 zuar
550 4477 635 4544 nach
663 4478 838 4567 folgenden
860 4478 1121 4567 Comparativen:
1159 4479 1259 4544 artius
