<?xml version="1.0" encoding="UTF-8"?>
<!DOCTYPE html PUBLIC "-//W3C//DTD XHTML 1.0 Transitional//EN"
    "http://www.w3.org/TR/xhtml1/DTD/xhtml1-transitional.dtd">
<html xmlns="http://www.w3.org/1999/xhtml" xml:lang="en" lang="en">
 <head>
  <title>
</title>
<meta http-equiv="Content-Type" content="text/html;charset=utf-8" />
  <meta name='ocr-system' content='tesseract 3.04.00' />
  <meta name='ocr-capabilities' content='ocr_page ocr_carea ocr_par ocr_line ocrx_word'/>
</head>
<body>
  <div class='ocr_page' id='page_1' title='image "./historischesynt02draegoog/historischesynt02draegoog_0609.png"; bbox 0 0 2864 5056; ppageno 0'>
   <div class='ocr_carea' id='block_1_1' title="bbox 495 354 725 419">
    <p class='ocr_par' dir='ltr' id='par_1_1' title="bbox 495 354 725 419">
     <span class='ocr_line' id='line_1_1' title="bbox 495 354 725 419; baseline -0.004 0"><span class='ocrx_word' id='word_1_1' title='bbox 495 354 725 419; x_wconf 80' lang='grc'><strong>-679-</strong></span> 
     </span>
    </p>
   </div>
   <div class='ocr_carea' id='block_1_2' title="bbox 17 507 1190 4454">
    <p class='ocr_par' dir='ltr' id='par_1_2' title="bbox 17 507 1182 1198">
     <span class='ocr_line' id='line_1_2' title="bbox 17 507 1178 591; baseline -0.001 -20"><span class='ocrx_word' id='word_1_2' title='bbox 17 508 270 591; x_wconf 83' lang='lat' dir='ltr'>magistratum.</span> <span class='ocrx_word' id='word_1_3' title='bbox 316 530 345 591; x_wconf 87' lang='lat' dir='ltr'>p.</span> <span class='ocrx_word' id='word_1_4' title='bbox 381 507 508 572; x_wconf 87' lang='lat' dir='ltr'>Cluent.</span> <span class='ocrx_word' id='word_1_5' title='bbox 543 507 594 582; x_wconf 86' lang='lat'>30,</span> <span class='ocrx_word' id='word_1_6' title='bbox 624 507 666 571; x_wconf 84' lang='lat'>83</span> <span class='ocrx_word' id='word_1_7' title='bbox 699 528 770 571; x_wconf 87' lang='lat' dir='ltr'>cum</span> <span class='ocrx_word' id='word_1_8' title='bbox 800 507 833 570; x_wconf 87' lang='lat' dir='ltr'>in</span> <span class='ocrx_word' id='word_1_9' title='bbox 866 507 1034 572; x_wconf 90' lang='lat' dir='ltr'>consilium</span> <span class='ocrx_word' id='word_1_10' title='bbox 1068 507 1178 570; x_wconf 87' lang='lat' dir='ltr'>iretur.</span> 
     </span>
     <span class='ocr_line' id='line_1_3' title="bbox 21 607 1180 690; baseline 0 -18"><span class='ocrx_word' id='word_1_11' title='bbox 21 608 149 673; x_wconf 86' lang='lat' dir='ltr'>Gleich</span> <span class='ocrx_word' id='word_1_12' title='bbox 183 608 311 673; x_wconf 82' lang='lat' dir='ltr'>darauf:</span> <span class='ocrx_word' id='word_1_13' title='bbox 345 631 416 672; x_wconf 90' lang='lat' dir='ltr'>cum</span> <span class='ocrx_word' id='word_1_14' title='bbox 449 609 483 672; x_wconf 93' lang='lat' dir='ltr'>in</span> <span class='ocrx_word' id='word_1_15' title='bbox 517 608 684 672; x_wconf 89' lang='lat' dir='ltr'>consilium</span> <span class='ocrx_word' id='word_1_16' title='bbox 718 608 900 672; x_wconf 75' lang='lat' dir='ltr'>mittebant.</span> <span class='ocrx_word' id='word_1_17' title='bbox 947 607 1039 677; x_wconf 86' lang='lat' dir='ltr'>Verr.</span> <span class='ocrx_word' id='word_1_18' title='bbox 1070 608 1107 690; x_wconf 88' lang='grc'>4,</span> <span class='ocrx_word' id='word_1_19' title='bbox 1138 609 1180 672; x_wconf 81' lang='grc'>35</span> 
     </span>
     <span class='ocr_line' id='line_1_4' title="bbox 23 708 1180 796; baseline -0.001 -23"><span class='ocrx_word' id='word_1_20' title='bbox 23 708 173 793; x_wconf 51' lang='lat' dir='ltr'>(Dianae</span> <span class='ocrx_word' id='word_1_21' title='bbox 206 709 351 796; x_wconf 85' lang='lat' dir='ltr'>signum)</span> <span class='ocrx_word' id='word_1_22' title='bbox 388 730 459 773; x_wconf 90' lang='lat' dir='ltr'>cum</span> <span class='ocrx_word' id='word_1_23' title='bbox 498 711 732 793; x_wconf 78' lang='lat' dir='ltr'>exportabatur.</span> <span class='ocrx_word' id='word_1_24' title='bbox 783 710 921 774; x_wconf 89' lang='lat' dir='ltr'>Darauf:</span> <span class='ocrx_word' id='word_1_25' title='bbox 961 731 1034 773; x_wconf 91' lang='lat' dir='ltr'>cum</span> <span class='ocrx_word' id='word_1_26' title='bbox 1074 708 1180 773; x_wconf 89' lang='lat' dir='ltr'>Diana</span> 
     </span>
     <span class='ocr_line' id='line_1_5' title="bbox 26 811 1182 895; baseline -0.001 -20"><span class='ocrx_word' id='word_1_27' title='bbox 26 817 261 895; x_wconf 83' lang='lat' dir='ltr'>exportaretur</span> <span class='ocrx_word' id='word_1_28' title='bbox 282 834 321 875; x_wconf 88' lang='lat' dir='ltr'>ex</span> <span class='ocrx_word' id='word_1_29' title='bbox 343 811 472 895; x_wconf 90' lang='lat' dir='ltr'>oppido.</span> <span class='ocrx_word' id='word_1_30' title='bbox 517 811 609 876; x_wconf 85' lang='lat' dir='ltr'>Tusa.</span> <span class='ocrx_word' id='word_1_31' title='bbox 632 813 662 889; x_wconf 92' lang='grc'><strong>2,</strong></span> <span class='ocrx_word' id='word_1_32' title='bbox 690 813 727 875; x_wconf 83' lang='grc'>15</span> <span class='ocrx_word' id='word_1_33' title='bbox 750 833 821 876; x_wconf 91' lang='lat' dir='ltr'>cum</span> <span class='ocrx_word' id='word_1_34' title='bbox 844 812 965 875; x_wconf 85' lang='lat' dir='ltr'>varices</span> <span class='ocrx_word' id='word_1_35' title='bbox 988 812 1182 876; x_wconf 88' lang='lat' dir='ltr'>secabantur</span> 
     </span>
     <span class='ocr_line' id='line_1_6' title="bbox 28 913 1181 996; baseline -0.002 -18"><span class='ocrx_word' id='word_1_36' title='bbox 28 913 69 978; x_wconf 79' lang='lat' dir='ltr'>O.</span> <span class='ocrx_word' id='word_1_37' title='bbox 96 913 220 996; x_wconf 87' lang='lat' dir='ltr'>Mario,</span> <span class='ocrx_word' id='word_1_38' title='bbox 249 913 387 981; x_wconf 85' lang='lat' dir='ltr'>dolebat.</span> <span class='ocrx_word' id='word_1_39' title='bbox 433 913 521 976; x_wconf 86' lang='lat' dir='ltr'>Aber</span> <span class='ocrx_word' id='word_1_40' title='bbox 548 914 577 990; x_wconf 82' lang='lat'>2,</span> <span class='ocrx_word' id='word_1_41' title='bbox 600 913 642 976; x_wconf 91' lang='grc'>22</span> <span class='ocrx_word' id='word_1_42' title='bbox 672 913 810 996; x_wconf 86' lang='lat' dir='ltr'>Marius,</span> <span class='ocrx_word' id='word_1_43' title='bbox 839 935 910 978; x_wconf 91' lang='lat' dir='ltr'>cum</span> <span class='ocrx_word' id='word_1_44' title='bbox 940 919 1116 993; x_wconf 86' lang='lat' dir='ltr'>secaretur,</span> <span class='ocrx_word' id='word_1_45' title='bbox 1145 918 1181 977; x_wconf 90' lang='lat' dir='ltr'>ut</span> 
     </span>
     <span class='ocr_line' id='line_1_7' title="bbox 30 1014 1179 1100; baseline 0.003 -22"><span class='ocrx_word' id='word_1_46' title='bbox 30 1015 235 1098; x_wconf 86' lang='lat' dir='ltr'>supradixi,</span> <span class='ocrx_word' id='word_1_47' title='bbox 262 1053 304 1064; x_wconf 89' lang='lat'><em>-</em></span> <span class='ocrx_word' id='word_1_48' title='bbox 329 1016 428 1078; x_wconf 86' lang='lat' dir='ltr'>vetuit</span> <span class='ocrx_word' id='word_1_49' title='bbox 456 1035 491 1078; x_wconf 91' lang='lat' dir='ltr'>se</span> <span class='ocrx_word' id='word_1_50' title='bbox 518 1014 652 1099; x_wconf 87' lang='lat' dir='ltr'>alligari.</span> <span class='ocrx_word' id='word_1_51' title='bbox 698 1015 758 1100; x_wconf 84' lang='lat' dir='ltr'>leg.</span> <span class='ocrx_word' id='word_1_52' title='bbox 788 1037 856 1100; x_wconf 86' lang='lat' dir='ltr'>agr.</span> <span class='ocrx_word' id='word_1_53' title='bbox 884 1016 914 1091; x_wconf 93' lang='grc'><strong>2,</strong></span> <span class='ocrx_word' id='word_1_54' title='bbox 937 1015 989 1094; x_wconf 86' lang='grc'><strong>24,</strong></span> <span class='ocrx_word' id='word_1_55' title='bbox 1012 1016 1065 1079; x_wconf 87' lang='grc'>64.</span> <span class='ocrx_word' id='word_1_56' title='bbox 1106 1016 1179 1082; x_wconf 82' lang='lat' dir='ltr'>Liv.</span> 
     </span>
     <span class='ocr_line' id='line_1_8' title="bbox 34 1116 241 1198; baseline 0 -17"><span class='ocrx_word' id='word_1_57' title='bbox 34 1118 86 1194; x_wconf 86' lang='grc'><strong>30,</strong></span> <span class='ocrx_word' id='word_1_58' title='bbox 111 1119 166 1198; x_wconf 86' lang='grc'><strong>44,</strong></span> <span class='ocrx_word' id='word_1_59' title='bbox 192 1116 241 1181; x_wconf 94' lang='grc'>10.</span> 
     </span>
    </p>

    <p class='ocr_par' dir='ltr' id='par_1_3' title="bbox 35 1216 1184 2618">
     <span class='ocr_line' id='line_1_9' title="bbox 120 1216 1181 1302; baseline 0.001 -21"><span class='ocrx_word' id='word_1_60' title='bbox 120 1220 152 1281; x_wconf 86' lang='grc'>5.</span> <span class='ocrx_word' id='word_1_61' title='bbox 182 1216 246 1281; x_wconf 75' lang='lat' dir='ltr'>uin</span> <span class='ocrx_word' id='word_1_62' title='bbox 275 1217 514 1300; x_wconf 87' lang='lat' dir='ltr'>Temporalsatz</span> <span class='ocrx_word' id='word_1_63' title='bbox 548 1218 592 1281; x_wconf 91' lang='lat' dir='ltr'>im</span> <span class='ocrx_word' id='word_1_64' title='bbox 621 1218 863 1301; x_wconf 78' lang='lat' dir='ltr'>Oonjunctiv</span> <span class='ocrx_word' id='word_1_65' title='bbox 897 1217 1181 1302; x_wconf 84' lang='lat' dir='ltr'>(untergeordnete</span> 
     </span>
     <span class='ocr_line' id='line_1_10' title="bbox 37 1318 1181 1405; baseline -0.001 -20"><span class='ocrx_word' id='word_1_66' title='bbox 37 1320 343 1403; x_wconf 85' lang='lat' dir='ltr'>Zeitbestimmung)</span> <span class='ocrx_word' id='word_1_67' title='bbox 365 1319 445 1405; x_wconf 83' lang='lat' dir='ltr'>geht</span> <span class='ocrx_word' id='word_1_68' title='bbox 466 1320 619 1384; x_wconf 83' lang='lat' dir='ltr'>zuweilen</span> <span class='ocrx_word' id='word_1_69' title='bbox 636 1320 757 1401; x_wconf 86' lang='lat' dir='ltr'>vorauf,</span> <span class='ocrx_word' id='word_1_70' title='bbox 781 1322 867 1385; x_wconf 83' lang='lat' dir='ltr'>daun</span> <span class='ocrx_word' id='word_1_71' title='bbox 882 1320 967 1404; x_wconf 86' lang='lat' dir='ltr'>folgt</span> <span class='ocrx_word' id='word_1_72' title='bbox 986 1322 1042 1384; x_wconf 87' lang='lat' dir='ltr'>der</span> <span class='ocrx_word' id='word_1_73' title='bbox 1057 1318 1181 1403; x_wconf 77' lang='lat' dir='ltr'>Haupt</span> 
     </span>
     <span class='ocr_line' id='line_1_11' title="bbox 36 1419 1182 1503; baseline 0.003 -18"><span class='ocrx_word' id='word_1_74' title='bbox 36 1428 103 1485; x_wconf 87' lang='lat' dir='ltr'>sata</span> <span class='ocrx_word' id='word_1_75' title='bbox 126 1421 187 1484; x_wconf 91' lang='lat' dir='ltr'>mit</span> <span class='ocrx_word' id='word_1_76' title='bbox 213 1421 317 1484; x_wconf 91' lang='lat' dir='ltr'>einem</span> <span class='ocrx_word' id='word_1_77' title='bbox 340 1419 578 1503; x_wconf 85' lang='lat' dir='ltr'>Temporalsatz</span> <span class='ocrx_word' id='word_1_78' title='bbox 606 1421 649 1484; x_wconf 91' lang='lat' dir='ltr'>im</span> <span class='ocrx_word' id='word_1_79' title='bbox 673 1421 884 1486; x_wconf 86' lang='lat' dir='ltr'>ludicativ.</span> <span class='ocrx_word' id='word_1_80' title='bbox 929 1420 972 1486; x_wconf 86' lang='lat' dir='ltr'>So</span> <span class='ocrx_word' id='word_1_81' title='bbox 995 1444 1021 1485; x_wconf 86' lang='lat' dir='ltr'>z.</span> <span class='ocrx_word' id='word_1_82' title='bbox 1044 1422 1083 1485; x_wconf 92' lang='lat' dir='ltr'>B.</span> <span class='ocrx_word' id='word_1_83' title='bbox 1107 1421 1182 1489; x_wconf 84' lang='lat' dir='ltr'>Cic.</span> 
     </span>
     <span class='ocr_line' id='line_1_12' title="bbox 38 1522 1181 1608; baseline 0 -22"><span class='ocrx_word' id='word_1_84' title='bbox 38 1524 99 1608; x_wconf 86' lang='lat' dir='ltr'>leg.</span> <span class='ocrx_word' id='word_1_85' title='bbox 122 1522 213 1586; x_wconf 89' lang='lat' dir='ltr'>Man.</span> <span class='ocrx_word' id='word_1_86' title='bbox 243 1523 286 1585; x_wconf 92' lang='grc'>20</span> <span class='ocrx_word' id='word_1_87' title='bbox 312 1523 366 1605; x_wconf 91' lang='lat' dir='ltr'>qui</span> <span class='ocrx_word' id='word_1_88' title='bbox 395 1544 466 1586; x_wconf 90' lang='lat' dir='ltr'>cum</span> <span class='ocrx_word' id='word_1_89' title='bbox 495 1545 533 1586; x_wconf 90' lang='lat' dir='ltr'>ex</span> <span class='ocrx_word' id='word_1_90' title='bbox 561 1523 656 1587; x_wconf 87' lang='lat' dir='ltr'>vobis</span> <span class='ocrx_word' id='word_1_91' title='bbox 684 1528 911 1606; x_wconf 89' lang='lat' dir='ltr'>quaereret-</span> <span class='ocrx_word' id='word_1_92' title='bbox 938 1525 972 1587; x_wconf 90' lang='lat' dir='ltr'>in</span> <span class='ocrx_word' id='word_1_93' title='bbox 1001 1545 1064 1608; x_wconf 91' lang='lat' dir='ltr'>quo</span> <span class='ocrx_word' id='word_1_94' title='bbox 1092 1545 1181 1607; x_wconf 89' lang='lat' dir='ltr'>spem</span> 
     </span>
     <span class='ocr_line' id='line_1_13' title="bbox 38 1625 1181 1710; baseline -0.002 -19"><span class='ocrx_word' id='word_1_95' title='bbox 38 1627 151 1691; x_wconf 86' lang='lat' dir='ltr'>essetis</span> <span class='ocrx_word' id='word_1_96' title='bbox 173 1625 323 1706; x_wconf 85' lang='lat' dir='ltr'>habituri,</span> <span class='ocrx_word' id='word_1_97' title='bbox 347 1625 433 1708; x_wconf 90' lang='lat' dir='ltr'>cepit</span> <span class='ocrx_word' id='word_1_98' title='bbox 454 1644 606 1709; x_wconf 83' lang='lat' dir='ltr'>magnum</span> <span class='ocrx_word' id='word_1_99' title='bbox 628 1646 705 1689; x_wconf 87' lang='lat' dir='ltr'>suae</span> <span class='ocrx_word' id='word_1_100' title='bbox 728 1626 854 1690; x_wconf 89' lang='lat' dir='ltr'>virtutis</span> <span class='ocrx_word' id='word_1_101' title='bbox 868 1626 1008 1689; x_wconf 86' lang='lat' dir='ltr'>fructum</span> <span class='ocrx_word' id='word_1_102' title='bbox 1023 1646 1060 1689; x_wconf 91' lang='lat' dir='ltr'>ac</span> <span class='ocrx_word' id='word_1_103' title='bbox 1075 1625 1181 1710; x_wconf 83' lang='lat' dir='ltr'>digni-</span> 
     </span>
     <span class='ocr_line' id='line_1_14' title="bbox 37 1726 1181 1812; baseline -0.001 -20"><span class='ocrx_word' id='word_1_104' title='bbox 37 1731 130 1810; x_wconf 86' lang='lat' dir='ltr'>tatis,</span> <span class='ocrx_word' id='word_1_105' title='bbox 159 1749 231 1791; x_wconf 91' lang='lat' dir='ltr'>cum</span> <span class='ocrx_word' id='word_1_106' title='bbox 261 1763 298 1771; x_wconf 97' lang='lat'>-</span> <span class='ocrx_word' id='word_1_107' title='bbox 332 1726 469 1790; x_wconf 80' lang='lat' dir='ltr'>dixistis.</span> <span class='ocrx_word' id='word_1_108' title='bbox 516 1726 588 1810; x_wconf 85' lang='lat' dir='ltr'>Vgl.</span> <span class='ocrx_word' id='word_1_109' title='bbox 623 1730 642 1807; x_wconf 63' lang='grc' dir='ltr'>ξ</span> <span class='ocrx_word' id='word_1_110' title='bbox 677 1726 738 1790; x_wconf 86' lang='grc'>497</span> <span class='ocrx_word' id='word_1_111' title='bbox 775 1729 822 1809; x_wconf 82' lang='grc' dir='ltr'><strong>Α,</strong></span> <span class='ocrx_word' id='word_1_112' title='bbox 851 1728 881 1792; x_wconf 89' lang='grc'>3.</span> <span class='ocrx_word' id='word_1_113' title='bbox 934 1726 1027 1790; x_wconf 77' lang='lat' dir='ltr'>Eben</span> <span class='ocrx_word' id='word_1_114' title='bbox 1059 1749 1095 1791; x_wconf 91' lang='lat' dir='ltr'>so</span> <span class='ocrx_word' id='word_1_115' title='bbox 1128 1748 1181 1812; x_wconf 85' lang='lat' dir='ltr'>ge-</span> 
     </span>
     <span class='ocr_line' id='line_1_15' title="bbox 37 1826 1181 1911; baseline 0.001 -19"><span class='ocrx_word' id='word_1_116' title='bbox 37 1829 115 1892; x_wconf 90' lang='lat' dir='ltr'>baut</span> <span class='ocrx_word' id='word_1_117' title='bbox 143 1829 187 1891; x_wconf 92' lang='lat' dir='ltr'>ist</span> <span class='ocrx_word' id='word_1_118' title='bbox 213 1826 264 1891; x_wconf 91' lang='lat' dir='ltr'>die</span> <span class='ocrx_word' id='word_1_119' title='bbox 286 1827 419 1892; x_wconf 89' lang='lat' dir='ltr'>Periode</span> <span class='ocrx_word' id='word_1_120' title='bbox 445 1850 478 1911; x_wconf 89' lang='lat' dir='ltr'>p.</span> <span class='ocrx_word' id='word_1_121' title='bbox 501 1827 610 1892; x_wconf 82' lang='lat' dir='ltr'>Plano.</span> <span class='ocrx_word' id='word_1_122' title='bbox 635 1828 687 1910; x_wconf 85' lang='lat'>36,</span> <span class='ocrx_word' id='word_1_123' title='bbox 710 1827 751 1893; x_wconf 88' lang='lat'>89</span> <span class='ocrx_word' id='word_1_124' title='bbox 780 1827 846 1891; x_wconf 88' lang='lat' dir='ltr'>und</span> <span class='ocrx_word' id='word_1_125' title='bbox 875 1828 914 1892; x_wconf 89' lang='lat' dir='ltr'>ad</span> <span class='ocrx_word' id='word_1_126' title='bbox 944 1829 1021 1893; x_wconf 85' lang='lat' dir='ltr'>fam.</span> <span class='ocrx_word' id='word_1_127' title='bbox 1044 1830 1075 1911; x_wconf 91' lang='grc'><strong>2,</strong></span> <span class='ocrx_word' id='word_1_128' title='bbox 1100 1829 1128 1906; x_wconf 88' lang='grc'>8,</span> <span class='ocrx_word' id='word_1_129' title='bbox 1151 1831 1181 1893; x_wconf 90' lang='grc'>3.</span> 
     </span>
     <span class='ocr_line' id='line_1_16' title="bbox 36 1929 1183 2014; baseline -0.002 -18"><span class='ocrx_word' id='word_1_130' title='bbox 36 1930 240 2014; x_wconf 86' lang='lat' dir='ltr'>Umgelrehrt</span> <span class='ocrx_word' id='word_1_131' title='bbox 265 1929 345 2014; x_wconf 89' lang='lat' dir='ltr'>geht</span> <span class='ocrx_word' id='word_1_132' title='bbox 372 1930 426 1994; x_wconf 90' lang='lat' dir='ltr'>ein</span> <span class='ocrx_word' id='word_1_133' title='bbox 452 1929 635 1993; x_wconf 82' lang='lat' dir='ltr'>Nebensatz</span> <span class='ocrx_word' id='word_1_134' title='bbox 663 1930 707 1993; x_wconf 91' lang='lat' dir='ltr'>im</span> <span class='ocrx_word' id='word_1_135' title='bbox 730 1929 887 1993; x_wconf 79' lang='lat' dir='ltr'>Indicativ</span> <span class='ocrx_word' id='word_1_136' title='bbox 915 1931 1031 1994; x_wconf 88' lang='lat' dir='ltr'>vorauf</span> <span class='ocrx_word' id='word_1_137' title='bbox 1055 1931 1120 1994; x_wconf 89' lang='lat' dir='ltr'>und</span> <span class='ocrx_word' id='word_1_138' title='bbox 1149 1952 1183 1994; x_wconf 89' lang='lat' dir='ltr'>es</span> 
     </span>
     <span class='ocr_line' id='line_1_17' title="bbox 36 2029 1181 2118; baseline -0.001 -22"><span class='ocrx_word' id='word_1_139' title='bbox 36 2031 124 2116; x_wconf 89' lang='lat' dir='ltr'>folgt</span> <span class='ocrx_word' id='word_1_140' title='bbox 147 2032 198 2094; x_wconf 90' lang='lat' dir='ltr'>ein</span> <span class='ocrx_word' id='word_1_141' title='bbox 223 2033 351 2095; x_wconf 83' lang='lat' dir='ltr'>aweiter</span> <span class='ocrx_word' id='word_1_142' title='bbox 372 2032 415 2095; x_wconf 94' lang='lat' dir='ltr'>im</span> <span class='ocrx_word' id='word_1_143' title='bbox 439 2029 646 2114; x_wconf 84' lang='lat' dir='ltr'>Conjunctiv:</span> <span class='ocrx_word' id='word_1_144' title='bbox 680 2031 784 2096; x_wconf 92' lang='lat' dir='ltr'>deor.</span> <span class='ocrx_word' id='word_1_145' title='bbox 808 2031 838 2113; x_wconf 92' lang='grc'><strong>2,</strong></span> <span class='ocrx_word' id='word_1_146' title='bbox 861 2032 901 2096; x_wconf 86' lang='grc'>67</span> <span class='ocrx_word' id='word_1_147' title='bbox 926 2039 961 2096; x_wconf 90' lang='lat' dir='ltr'>ut</span> <span class='ocrx_word' id='word_1_148' title='bbox 984 2031 1060 2118; x_wconf 84' lang='lat' dir='ltr'>(wie</span> <span class='ocrx_word' id='word_1_149' title='bbox 1082 2054 1108 2096; x_wconf 88' lang='lat' dir='ltr'>z.</span> <span class='ocrx_word' id='word_1_150' title='bbox 1132 2031 1181 2112; x_wconf 83' lang='lat' dir='ltr'>B.)</span> 
     </span>
     <span class='ocr_line' id='line_1_18' title="bbox 36 2133 1182 2216; baseline -0.002 -17"><span class='ocrx_word' id='word_1_151' title='bbox 36 2156 111 2199; x_wconf 92' lang='lat' dir='ltr'>cum</span> <span class='ocrx_word' id='word_1_152' title='bbox 133 2133 306 2198; x_wconf 86' lang='lat' dir='ltr'>Africanus</span> <span class='ocrx_word' id='word_1_153' title='bbox 335 2153 448 2197; x_wconf 88' lang='lat' dir='ltr'>censor</span> <span class='ocrx_word' id='word_1_154' title='bbox 474 2133 561 2196; x_wconf 90' lang='lat' dir='ltr'>tribu</span> <span class='ocrx_word' id='word_1_155' title='bbox 589 2133 737 2197; x_wconf 84' lang='lat' dir='ltr'>movebat</span> <span class='ocrx_word' id='word_1_156' title='bbox 765 2154 837 2197; x_wconf 90' lang='lat' dir='ltr'>eum</span> <span class='ocrx_word' id='word_1_157' title='bbox 860 2134 1096 2211; x_wconf 83' lang='lat' dir='ltr'>centurionem,</span> <span class='ocrx_word' id='word_1_158' title='bbox 1128 2134 1182 2216; x_wconf 95' lang='lat' dir='ltr'>qui</span> 
     </span>
     <span class='ocr_line' id='line_1_19' title="bbox 35 2233 1184 2320; baseline -0.001 -20"><span class='ocrx_word' id='word_1_159' title='bbox 35 2237 70 2300; x_wconf 91' lang='lat' dir='ltr'>in</span> <span class='ocrx_word' id='word_1_160' title='bbox 95 2235 188 2299; x_wconf 89' lang='lat' dir='ltr'>Pauli</span> <span class='ocrx_word' id='word_1_161' title='bbox 221 2256 332 2320; x_wconf 88' lang='lat' dir='ltr'>pugna</span> <span class='ocrx_word' id='word_1_162' title='bbox 362 2256 428 2298; x_wconf 89' lang='lat' dir='ltr'>non</span> <span class='ocrx_word' id='word_1_163' title='bbox 457 2234 618 2316; x_wconf 78' lang='lat' dir='ltr'>adfuerat,</span> <span class='ocrx_word' id='word_1_164' title='bbox 652 2256 724 2298; x_wconf 89' lang='lat' dir='ltr'>cum</span> <span class='ocrx_word' id='word_1_165' title='bbox 756 2233 811 2298; x_wconf 90' lang='lat' dir='ltr'>ille</span> <span class='ocrx_word' id='word_1_166' title='bbox 839 2256 873 2299; x_wconf 89' lang='lat' dir='ltr'>se</span> <span class='ocrx_word' id='word_1_167' title='bbox 901 2235 1065 2300; x_wconf 86' lang='lat' dir='ltr'>custodiae</span> <span class='ocrx_word' id='word_1_168' title='bbox 1087 2258 1184 2300; x_wconf 85' lang='lat' dir='ltr'>causa</span> 
     </span>
     <span class='ocr_line' id='line_1_20' title="bbox 37 2336 1183 2420; baseline -0.001 -19"><span class='ocrx_word' id='word_1_169' title='bbox 37 2338 161 2401; x_wconf 87' lang='lat' dir='ltr'>diceret</span> <span class='ocrx_word' id='word_1_170' title='bbox 189 2337 223 2400; x_wconf 90' lang='lat' dir='ltr'>in</span> <span class='ocrx_word' id='word_1_171' title='bbox 253 2336 367 2400; x_wconf 89' lang='lat' dir='ltr'>castris</span> <span class='ocrx_word' id='word_1_172' title='bbox 396 2337 588 2400; x_wconf 81' lang='lat' dir='ltr'>remansisse</span> <span class='ocrx_word' id='word_1_173' title='bbox 616 2340 861 2420; x_wconf 86' lang='lat' dir='ltr'>quaereretque,</span> <span class='ocrx_word' id='word_1_174' title='bbox 890 2358 947 2401; x_wconf 89' lang='lat' dir='ltr'>cur</span> <span class='ocrx_word' id='word_1_175' title='bbox 968 2338 1008 2401; x_wconf 90' lang='lat' dir='ltr'>ab</span> <span class='ocrx_word' id='word_1_176' title='bbox 1031 2359 1069 2402; x_wconf 93' lang='lat' dir='ltr'>eo</span> <span class='ocrx_word' id='word_1_177' title='bbox 1092 2343 1183 2406; x_wconf 87' lang='lat' dir='ltr'>nota-</span> 
     </span>
     <span class='ocr_line' id='line_1_21' title="bbox 36 2438 1183 2522; baseline 0.001 -20"><span class='ocrx_word' id='word_1_178' title='bbox 36 2444 142 2503; x_wconf 87' lang='lat' dir='ltr'>retur:</span> <span class='ocrx_word' id='word_1_179' title='bbox 165 2459 232 2502; x_wconf 88' lang='lat' dir='ltr'>non</span> <span class='ocrx_word' id='word_1_180' title='bbox 254 2458 337 2520; x_wconf 87' lang='lat' dir='ltr'>amo,</span> <span class='ocrx_word' id='word_1_181' title='bbox 359 2438 474 2520; x_wconf 87' lang='lat' dir='ltr'>inquit,</span> <span class='ocrx_word' id='word_1_182' title='bbox 499 2439 631 2502; x_wconf 91' lang='lat' dir='ltr'>nimium</span> <span class='ocrx_word' id='word_1_183' title='bbox 648 2438 830 2522; x_wconf 83' lang='lat' dir='ltr'>diligentes.</span> <span class='ocrx_word' id='word_1_184' title='bbox 869 2438 1026 2502; x_wconf 87' lang='lat' dir='ltr'>Aehnlicb</span> <span class='ocrx_word' id='word_1_185' title='bbox 1044 2441 1087 2503; x_wconf 91' lang='lat' dir='ltr'>ist</span> <span class='ocrx_word' id='word_1_186' title='bbox 1102 2439 1183 2503; x_wconf 88' lang='lat' dir='ltr'>Liv.</span> 
     </span>
     <span class='ocr_line' id='line_1_22' title="bbox 36 2540 238 2618; baseline -0.015 -13"><span class='ocrx_word' id='word_1_187' title='bbox 36 2541 89 2618; x_wconf 90' lang='grc'>30,</span> <span class='ocrx_word' id='word_1_188' title='bbox 111 2540 164 2618; x_wconf 83' lang='grc'><strong>44,</strong></span> <span class='ocrx_word' id='word_1_189' title='bbox 191 2540 238 2603; x_wconf 91' lang='grc'>10.</span> 
     </span>
    </p>

    <p class='ocr_par' dir='ltr' id='par_1_4' title="bbox 39 2640 1186 3335">
     <span class='ocr_line' id='line_1_23' title="bbox 124 2640 1183 2726; baseline 0.002 -21"><span class='ocrx_word' id='word_1_190' title='bbox 124 2643 153 2705; x_wconf 89' lang='grc'>6.</span> <span class='ocrx_word' id='word_1_191' title='bbox 177 2640 382 2706; x_wconf 80' lang='lat' dir='ltr'>DerModus</span> <span class='ocrx_word' id='word_1_192' title='bbox 411 2640 562 2706; x_wconf 86' lang='lat' dir='ltr'>wechselt</span> <span class='ocrx_word' id='word_1_193' title='bbox 595 2663 690 2726; x_wconf 83' lang='lat' dir='ltr'>sogar</span> <span class='ocrx_word' id='word_1_194' title='bbox 723 2643 758 2706; x_wconf 92' lang='lat' dir='ltr'>in</span> <span class='ocrx_word' id='word_1_195' title='bbox 792 2642 871 2706; x_wconf 80' lang='lat' dir='ltr'>zuei</span> <span class='ocrx_word' id='word_1_196' title='bbox 898 2642 1183 2707; x_wconf 89' lang='lat' dir='ltr'>coordinirten</span> 
     </span>
     <span class='ocr_line' id='line_1_24' title="bbox 39 2741 1184 2829; baseline 0 -21"><span class='ocrx_word' id='word_1_197' title='bbox 39 2743 320 2828; x_wconf 73' lang='lat' dir='ltr'>Temporalsanen</span> <span class='ocrx_word' id='word_1_198' title='bbox 353 2743 452 2807; x_wconf 91' lang='lat' dir='ltr'>ohne</span> <span class='ocrx_word' id='word_1_199' title='bbox 485 2741 737 2829; x_wconf 86' lang='lat' dir='ltr'>Wiederliolung</span> <span class='ocrx_word' id='word_1_200' title='bbox 764 2765 826 2808; x_wconf 85' lang='lat' dir='ltr'>von</span> <span class='ocrx_word' id='word_1_201' title='bbox 850 2765 938 2808; x_wconf 78' lang='lat' dir='ltr'>cum:</span> <span class='ocrx_word' id='word_1_202' title='bbox 972 2743 1051 2809; x_wconf 81' lang='lat' dir='ltr'>(lic.</span> <span class='ocrx_word' id='word_1_203' title='bbox 1072 2746 1129 2810; x_wconf 87' lang='lat' dir='ltr'>fin.</span> <span class='ocrx_word' id='word_1_204' title='bbox 1155 2747 1184 2823; x_wconf 82' lang='lat'>2,</span> 
     </span>
     <span class='ocr_line' id='line_1_25' title="bbox 41 2844 1184 2930; baseline 0.002 -20"><span class='ocrx_word' id='word_1_205' title='bbox 41 2848 92 2930; x_wconf 89' lang='grc'><strong>19,</strong></span> <span class='ocrx_word' id='word_1_206' title='bbox 117 2847 157 2910; x_wconf 89' lang='grc'>61</span> <span class='ocrx_word' id='word_1_207' title='bbox 181 2868 256 2909; x_wconf 90' lang='lat' dir='ltr'>num</span> <span class='ocrx_word' id='word_1_208' title='bbox 282 2845 379 2908; x_wconf 83' lang='lat' dir='ltr'>etiam</span> <span class='ocrx_word' id='word_1_209' title='bbox 402 2845 438 2909; x_wconf 92' lang='lat' dir='ltr'>P.</span> <span class='ocrx_word' id='word_1_210' title='bbox 462 2844 589 2924; x_wconf 83' lang='lat' dir='ltr'>Decius,</span> <span class='ocrx_word' id='word_1_211' title='bbox 613 2866 683 2909; x_wconf 93' lang='lat' dir='ltr'>cum</span> <span class='ocrx_word' id='word_1_212' title='bbox 707 2867 740 2910; x_wconf 89' lang='lat' dir='ltr'>se</span> <span class='ocrx_word' id='word_1_213' title='bbox 764 2845 936 2910; x_wconf 85' lang='lat' dir='ltr'>devoverat</span> <span class='ocrx_word' id='word_1_214' title='bbox 958 2850 991 2909; x_wconf 89' lang='lat' dir='ltr'>et</span> <span class='ocrx_word' id='word_1_215' title='bbox 1009 2885 1043 2893; x_wconf 91' lang='lat'>—</span> <span class='ocrx_word' id='word_1_216' title='bbox 1063 2847 1097 2910; x_wconf 91' lang='lat' dir='ltr'>in</span> <span class='ocrx_word' id='word_1_217' title='bbox 1120 2870 1184 2912; x_wconf 91' lang='lat' dir='ltr'>me·</span> 
     </span>
     <span class='ocr_line' id='line_1_26' title="bbox 40 2946 1185 3032; baseline 0.001 -20"><span class='ocrx_word' id='word_1_218' title='bbox 40 2949 125 3013; x_wconf 88' lang='lat' dir='ltr'>diam</span> <span class='ocrx_word' id='word_1_219' title='bbox 148 2949 249 3012; x_wconf 88' lang='lat' dir='ltr'>aciem</span> <span class='ocrx_word' id='word_1_220' title='bbox 273 2946 460 3010; x_wconf 82' lang='lat' dir='ltr'>Latinorum</span> <span class='ocrx_word' id='word_1_221' title='bbox 483 2947 640 3028; x_wconf 87' lang='lat' dir='ltr'>irruebat,</span> <span class='ocrx_word' id='word_1_222' title='bbox 671 2947 792 3032; x_wconf 88' lang='lat' dir='ltr'>aliquid</span> <span class='ocrx_word' id='word_1_223' title='bbox 815 2947 853 3011; x_wconf 88' lang='lat' dir='ltr'>de</span> <span class='ocrx_word' id='word_1_224' title='bbox 877 2948 1095 3031; x_wconf 85' lang='lat' dir='ltr'>voluptatibus</span> <span class='ocrx_word' id='word_1_225' title='bbox 1118 2951 1185 3013; x_wconf 90' lang='lat' dir='ltr'>suis</span> 
     </span>
     <span class='ocr_line' id='line_1_27' title="bbox 40 3046 1185 3134; baseline -0.001 -19"><span class='ocrx_word' id='word_1_226' title='bbox 40 3047 235 3134; x_wconf 81' lang='lat' dir='ltr'>cogitabat?</span> <span class='ocrx_word' id='word_1_227' title='bbox 257 3047 390 3132; x_wconf 84' lang='lat' dir='ltr'>Madvig</span> <span class='ocrx_word' id='word_1_228' title='bbox 410 3047 508 3111; x_wconf 80' lang='lat' dir='ltr'>nahm</span> <span class='ocrx_word' id='word_1_229' title='bbox 531 3047 582 3110; x_wconf 92' lang='lat' dir='ltr'>die</span> <span class='ocrx_word' id='word_1_230' title='bbox 598 3046 770 3131; x_wconf 84' lang='lat' dir='ltr'>Oonjectur</span> <span class='ocrx_word' id='word_1_231' title='bbox 792 3050 1044 3132; x_wconf 64' lang='lat' dir='ltr'>deveneramus,</span> <span class='ocrx_word' id='word_1_232' title='bbox 1067 3049 1185 3114; x_wconf 86' lang='lat' dir='ltr'>Hoffm.</span> 
     </span>
     <span class='ocr_line' id='line_1_28' title="bbox 39 3149 1186 3239; baseline -0.001 -23"><span class='ocrx_word' id='word_1_233' title='bbox 39 3152 163 3217; x_wconf 69' lang='lat' dir='ltr'>erkldrt</span> <span class='ocrx_word' id='word_1_234' title='bbox 189 3151 250 3214; x_wconf 91' lang='lat' dir='ltr'>den</span> <span class='ocrx_word' id='word_1_235' title='bbox 273 3149 466 3233; x_wconf 82' lang='lat' dir='ltr'>Coujunetiv</span> <span class='ocrx_word' id='word_1_236' title='bbox 494 3149 551 3212; x_wconf 90' lang='lat' dir='ltr'>auf</span> <span class='ocrx_word' id='word_1_237' title='bbox 576 3149 609 3213; x_wconf 80' lang='lat' dir='ltr'>S.</span> <span class='ocrx_word' id='word_1_238' title='bbox 635 3150 703 3219; x_wconf 89' lang='grc'><strong>123.</strong></span> <span class='ocrx_word' id='word_1_239' title='bbox 748 3149 825 3239; x_wconf 72' lang='lat' dir='ltr'>Liv.</span> <span class='ocrx_word' id='word_1_240' title='bbox 849 3150 900 3231; x_wconf 90' lang='grc'><strong>29,</strong></span> <span class='ocrx_word' id='word_1_241' title='bbox 922 3151 973 3227; x_wconf 88' lang='grc'><strong>37,</strong></span> <span class='ocrx_word' id='word_1_242' title='bbox 997 3151 1017 3214; x_wconf 89' lang='grc'>8</span> <span class='ocrx_word' id='word_1_243' title='bbox 1044 3172 1116 3215; x_wconf 89' lang='lat' dir='ltr'>cum</span> <span class='ocrx_word' id='word_1_244' title='bbox 1147 3154 1186 3216; x_wconf 89' lang='lat' dir='ltr'>ad</span> 
     </span>
     <span class='ocr_line' id='line_1_29' title="bbox 39 3251 1107 3335; baseline 0.001 -17"><span class='ocrx_word' id='word_1_245' title='bbox 39 3254 161 3318; x_wconf 89' lang='lat' dir='ltr'>tribum</span> <span class='ocrx_word' id='word_1_246' title='bbox 183 3251 320 3316; x_wconf 84' lang='lat' dir='ltr'>Polliam</span> <span class='ocrx_word' id='word_1_247' title='bbox 343 3255 474 3315; x_wconf 87' lang='lat' dir='ltr'>ventum</span> <span class='ocrx_word' id='word_1_248' title='bbox 497 3263 546 3314; x_wconf 92' lang='lat' dir='ltr'>est</span> <span class='ocrx_word' id='word_1_249' title='bbox 570 3288 607 3296; x_wconf 97' lang='lat'>-</span> <span class='ocrx_word' id='word_1_250' title='bbox 632 3255 665 3313; x_wconf 89' lang='lat' dir='ltr'>et</span> <span class='ocrx_word' id='word_1_251' title='bbox 686 3272 801 3335; x_wconf 87' lang='lat' dir='ltr'>praeco</span> <span class='ocrx_word' id='word_1_252' title='bbox 824 3254 1030 3315; x_wconf 88' lang='lat' dir='ltr'>cunctaretur</span> <span class='ocrx_word' id='word_1_253' title='bbox 1053 3256 1107 3319; x_wconf 88' lang='lat' dir='ltr'>ctt.</span> 
     </span>
    </p>

    <p class='ocr_par' dir='ltr' id='par_1_5' title="bbox 40 3352 1190 4454">
     <span class='ocr_line' id='line_1_30' title="bbox 128 3352 1188 3436; baseline 0.002 -18"><span class='ocrx_word' id='word_1_254' title='bbox 128 3353 289 3418; x_wconf 78' lang='lat' dir='ltr'>l.·Wenn</span> <span class='ocrx_word' id='word_1_255' title='bbox 317 3353 367 3416; x_wconf 91' lang='lat' dir='ltr'>ein</span> <span class='ocrx_word' id='word_1_256' title='bbox 392 3352 630 3436; x_wconf 82' lang='lat' dir='ltr'>Temporalsatz</span> <span class='ocrx_word' id='word_1_257' title='bbox 658 3354 721 3416; x_wconf 89' lang='lat' dir='ltr'>mit</span> <span class='ocrx_word' id='word_1_258' title='bbox 747 3373 818 3418; x_wconf 77' lang='lat' dir='ltr'>cum</span> <span class='ocrx_word' id='word_1_259' title='bbox 847 3353 951 3417; x_wconf 90' lang='lat' dir='ltr'>einem</span> <span class='ocrx_word' id='word_1_260' title='bbox 974 3354 1097 3418; x_wconf 87' lang='lat' dir='ltr'>andern</span> <span class='ocrx_word' id='word_1_261' title='bbox 1120 3378 1188 3420; x_wconf 92' lang='lat' dir='ltr'>un·</span> 
     </span>
     <span class='ocr_line' id='line_1_31' title="bbox 40 3453 1188 3541; baseline 0.001 -21"><span class='ocrx_word' id='word_1_262' title='bbox 40 3455 255 3520; x_wconf 88' lang='lat' dir='ltr'>mittelbar</span> <span class='ocrx_word' id='word_1_263' title='bbox 276 3455 323 3536; x_wconf 86' lang='lat' dir='ltr'>(d.</span> <span class='ocrx_word' id='word_1_264' title='bbox 340 3454 372 3518; x_wconf 87' lang='lat' dir='ltr'>h.</span> <span class='ocrx_word' id='word_1_265' title='bbox 393 3454 478 3518; x_wconf 91' lang='lat' dir='ltr'>ohne</span> <span class='ocrx_word' id='word_1_266' title='bbox 501 3453 873 3518; x_wconf 82' lang='lat' dir='ltr'>dazwischentretenden</span> <span class='ocrx_word' id='word_1_267' title='bbox 887 3454 1082 3541; x_wconf 88' lang='lat' dir='ltr'>Hauptsatz)</span> <span class='ocrx_word' id='word_1_268' title='bbox 1099 3459 1188 3521; x_wconf 89' lang='lat' dir='ltr'>sub-</span> 
     </span>
     <span class='ocr_line' id='line_1_32' title="bbox 41 3555 1187 3639; baseline 0.001 -18"><span class='ocrx_word' id='word_1_269' title='bbox 41 3557 220 3622; x_wconf 89' lang='lat' dir='ltr'>ordinirt</span> <span class='ocrx_word' id='word_1_270' title='bbox 241 3558 293 3639; x_wconf 89' lang='lat' dir='ltr'>ist,</span> <span class='ocrx_word' id='word_1_271' title='bbox 317 3577 353 3620; x_wconf 90' lang='lat' dir='ltr'>so</span> <span class='ocrx_word' id='word_1_272' title='bbox 376 3555 505 3620; x_wconf 87' lang='lat' dir='ltr'>scheint</span> <span class='ocrx_word' id='word_1_273' title='bbox 535 3578 618 3619; x_wconf 87' lang='lat' dir='ltr'>zwar</span> <span class='ocrx_word' id='word_1_274' title='bbox 640 3555 741 3619; x_wconf 85' lang='lat' dir='ltr'>schoa</span> <span class='ocrx_word' id='word_1_275' title='bbox 764 3556 820 3627; x_wconf 87' lang='lat' dir='ltr'>das</span> <span class='ocrx_word' id='word_1_276' title='bbox 842 3556 1030 3620; x_wconf 82' lang='lat' dir='ltr'>stilistiache</span> <span class='ocrx_word' id='word_1_277' title='bbox 1055 3556 1187 3622; x_wconf 71' lang='lat' dir='ltr'>bedorf-</span> 
     </span>
     <span class='ocr_line' id='line_1_33' title="bbox 41 3656 1188 3743; baseline -0.001 -19"><span class='ocrx_word' id='word_1_278' title='bbox 41 3660 110 3724; x_wconf 84' lang='lat' dir='ltr'>niss</span> <span class='ocrx_word' id='word_1_279' title='bbox 134 3658 358 3723; x_wconf 84' lang='lat' dir='ltr'>verschiedene</span> <span class='ocrx_word' id='word_1_280' title='bbox 373 3657 463 3721; x_wconf 92' lang='lat' dir='ltr'>Modi</span> <span class='ocrx_word' id='word_1_281' title='bbox 487 3679 525 3722; x_wconf 87' lang='lat' dir='ltr'>zu</span> <span class='ocrx_word' id='word_1_282' title='bbox 547 3657 722 3736; x_wconf 85' lang='lat' dir='ltr'>erfordern,</span> <span class='ocrx_word' id='word_1_283' title='bbox 746 3658 811 3721; x_wconf 88' lang='lat' dir='ltr'>und</span> <span class='ocrx_word' id='word_1_284' title='bbox 834 3656 917 3722; x_wconf 89' lang='lat' dir='ltr'>auch</span> <span class='ocrx_word' id='word_1_285' title='bbox 940 3657 990 3721; x_wconf 91' lang='lat' dir='ltr'>die</span> <span class='ocrx_word' id='word_1_286' title='bbox 1004 3662 1188 3743; x_wconf 87' lang='lat' dir='ltr'>grammati-</span> 
     </span>
     <span class='ocr_line' id='line_1_34' title="bbox 42 3759 1188 3845; baseline 0 -19"><span class='ocrx_word' id='word_1_287' title='bbox 42 3762 146 3827; x_wconf 90' lang='lat' dir='ltr'>schen</span> <span class='ocrx_word' id='word_1_288' title='bbox 163 3760 295 3825; x_wconf 79' lang='lat' dir='ltr'>Grdnde</span> <span class='ocrx_word' id='word_1_289' title='bbox 317 3759 411 3823; x_wconf 80' lang='lat' dir='ltr'>dafdr</span> <span class='ocrx_word' id='word_1_290' title='bbox 433 3759 505 3823; x_wconf 91' lang='lat' dir='ltr'>sind</span> <span class='ocrx_word' id='word_1_291' title='bbox 522 3782 560 3823; x_wconf 88' lang='lat' dir='ltr'>zu</span> <span class='ocrx_word' id='word_1_292' title='bbox 576 3760 749 3838; x_wconf 86' lang='lat' dir='ltr'>erkennen,</span> <span class='ocrx_word' id='word_1_293' title='bbox 772 3759 849 3823; x_wconf 87' lang='lat' dir='ltr'>aber</span> <span class='ocrx_word' id='word_1_294' title='bbox 864 3759 1063 3845; x_wconf 86' lang='lat' dir='ltr'>keiueswegs</span> <span class='ocrx_word' id='word_1_295' title='bbox 1079 3762 1123 3825; x_wconf 91' lang='lat' dir='ltr'>ist</span> <span class='ocrx_word' id='word_1_296' title='bbox 1138 3762 1188 3827; x_wconf 90' lang='lat' dir='ltr'>die</span> 
     </span>
     <span class='ocr_line' id='line_1_35' title="bbox 42 3861 1188 3948; baseline 0 -21"><span class='ocrx_word' id='word_1_297' title='bbox 42 3864 160 3927; x_wconf 87' lang='lat' dir='ltr'>Modus</span> <span class='ocrx_word' id='word_1_298' title='bbox 167 3861 394 3947; x_wconf 87' lang='lat' dir='ltr'>gleichheit</span> <span class='ocrx_word' id='word_1_299' title='bbox 422 3861 703 3945; x_wconf 90' lang='lat' dir='ltr'>ausgesehlossen,</span> <span class='ocrx_word' id='word_1_300' title='bbox 722 3863 736 3944; x_wconf 87' lang='lat' dir='ltr'>j</span> <span class='ocrx_word' id='word_1_301' title='bbox 782 3862 827 3926; x_wconf 87' lang='lat' dir='ltr'>sie</span> <span class='ocrx_word' id='word_1_302' title='bbox 849 3862 893 3925; x_wconf 88' lang='lat' dir='ltr'>ist</span> <span class='ocrx_word' id='word_1_303' title='bbox 914 3883 1011 3946; x_wconf 86' lang='lat' dir='ltr'>sogar</span> <span class='ocrx_word' id='word_1_304' title='bbox 1032 3861 1188 3948; x_wconf 79' lang='lat' dir='ltr'>hitufiger.</span> 
     </span>
     <span class='ocr_line' id='line_1_36' title="bbox 42 3962 1189 4047; baseline -0.001 -19"><span class='ocrx_word' id='word_1_305' title='bbox 42 3963 206 4028; x_wconf 74' lang='lat' dir='ltr'>Zunirchst</span> <span class='ocrx_word' id='word_1_306' title='bbox 227 3966 288 4028; x_wconf 90' lang='lat' dir='ltr'>mit</span> <span class='ocrx_word' id='word_1_307' title='bbox 310 3986 358 4027; x_wconf 92' lang='lat' dir='ltr'>un</span> <span class='ocrx_word' id='word_1_308' title='bbox 367 3963 554 4047; x_wconf 87' lang='lat' dir='ltr'>gleichen</span> <span class='ocrx_word' id='word_1_309' title='bbox 576 3962 695 4027; x_wconf 88' lang='lat' dir='ltr'>Modis:</span> <span class='ocrx_word' id='word_1_310' title='bbox 719 3962 797 4027; x_wconf 81' lang='lat' dir='ltr'>Cic.</span> <span class='ocrx_word' id='word_1_311' title='bbox 821 3963 922 4026; x_wconf 90' lang='lat' dir='ltr'>deor.</span> <span class='ocrx_word' id='word_1_312' title='bbox 945 3963 975 4045; x_wconf 91' lang='grc'><strong>2,</strong></span> <span class='ocrx_word' id='word_1_313' title='bbox 993 3964 1034 4027; x_wconf 92' lang='grc'>70</span> <span class='ocrx_word' id='word_1_314' title='bbox 1057 3968 1093 4027; x_wconf 89' lang='lat' dir='ltr'>ut</span> <span class='ocrx_word' id='word_1_315' title='bbox 1115 3966 1189 4044; x_wconf 89' lang='lat' dir='ltr'>(wie</span> 
     </span>
     <span class='ocr_line' id='line_1_37' title="bbox 42 4064 1189 4151; baseline 0 -21"><span class='ocrx_word' id='word_1_316' title='bbox 42 4090 69 4132; x_wconf 83' lang='lat' dir='ltr'>z.</span> <span class='ocrx_word' id='word_1_317' title='bbox 93 4066 147 4150; x_wconf 90' lang='lat' dir='ltr'>B.)</span> <span class='ocrx_word' id='word_1_318' title='bbox 171 4087 242 4130; x_wconf 90' lang='lat' dir='ltr'>cum</span> <span class='ocrx_word' id='word_1_319' title='bbox 270 4070 407 4150; x_wconf 85' lang='lat' dir='ltr'>patrono</span> <span class='ocrx_word' id='word_1_320' title='bbox 434 4064 534 4148; x_wconf 90' lang='lat' dir='ltr'>malo,</span> <span class='ocrx_word' id='word_1_321' title='bbox 563 4086 634 4128; x_wconf 90' lang='lat' dir='ltr'>cum</span> <span class='ocrx_word' id='word_1_322' title='bbox 658 4085 766 4128; x_wconf 87' lang='lat' dir='ltr'>vocem</span> <span class='ocrx_word' id='word_1_323' title='bbox 790 4065 824 4128; x_wconf 93' lang='lat' dir='ltr'>in</span> <span class='ocrx_word' id='word_1_324' title='bbox 846 4064 981 4128; x_wconf 88' lang='lat' dir='ltr'>dicendo</span> <span class='ocrx_word' id='word_1_325' title='bbox 1003 4066 1189 4151; x_wconf 88' lang='lat' dir='ltr'>obtudisset,</span> 
     </span>
     <span class='ocr_line' id='line_1_38' title="bbox 42 4166 1189 4244; baseline -0.001 -12"><span class='ocrx_word' id='word_1_326' title='bbox 42 4167 200 4232; x_wconf 84' lang='lat' dir='ltr'>suadebat</span> <span class='ocrx_word' id='word_1_327' title='bbox 221 4167 361 4231; x_wconf 87' lang='lat' dir='ltr'>Granius</span> <span class='ocrx_word' id='word_1_328' title='bbox 383 4171 420 4230; x_wconf 89' lang='lat' dir='ltr'>ut</span> <span class='ocrx_word' id='word_1_329' title='bbox 442 4170 498 4230; x_wconf 87' lang='lat' dir='ltr'>ctt.</span> <span class='ocrx_word' id='word_1_330' title='bbox 542 4166 635 4231; x_wconf 77' lang='lat' dir='ltr'>Eben</span> <span class='ocrx_word' id='word_1_331' title='bbox 664 4187 699 4230; x_wconf 90' lang='lat' dir='ltr'>so</span> <span class='ocrx_word' id='word_1_332' title='bbox 722 4169 790 4230; x_wconf 84' lang='lat' dir='ltr'>Att.</span> <span class='ocrx_word' id='word_1_333' title='bbox 820 4170 847 4244; x_wconf 90' lang='lat' dir='ltr'>l,</span> <span class='ocrx_word' id='word_1_334' title='bbox 872 4166 920 4243; x_wconf 86' lang='grc'><strong>16,</strong></span> <span class='ocrx_word' id='word_1_335' title='bbox 942 4168 973 4228; x_wconf 89' lang='grc'>4.</span> <span class='ocrx_word' id='word_1_336' title='bbox 1020 4166 1105 4230; x_wconf 90' lang='lat' dir='ltr'>Oder</span> <span class='ocrx_word' id='word_1_337' title='bbox 1127 4189 1189 4231; x_wconf 86' lang='lat' dir='ltr'>von</span> 
     </span>
     <span class='ocr_line' id='line_1_39' title="bbox 43 4266 1190 4353; baseline -0.001 -19"><span class='ocrx_word' id='word_1_338' title='bbox 43 4292 114 4334; x_wconf 82' lang='lat' dir='ltr'>cum</span> <span class='ocrx_word' id='word_1_339' title='bbox 136 4271 298 4334; x_wconf 62' lang='lat' dir='ltr'>iocosum</span> <span class='ocrx_word' id='word_1_340' title='bbox 329 4268 432 4353; x_wconf 72' lang='lat' dir='ltr'>hiangt</span> <span class='ocrx_word' id='word_1_341' title='bbox 464 4270 516 4333; x_wconf 88' lang='lat' dir='ltr'>ein</span> <span class='ocrx_word' id='word_1_342' title='bbox 550 4269 677 4333; x_wconf 81' lang='lat' dir='ltr'>aweites</span> <span class='ocrx_word' id='word_1_343' title='bbox 712 4288 783 4332; x_wconf 79' lang='lat' dir='ltr'>eum</span> <span class='ocrx_word' id='word_1_344' title='bbox 811 4268 871 4330; x_wconf 89' lang='lat' dir='ltr'>mit</span> <span class='ocrx_word' id='word_1_345' title='bbox 901 4267 971 4331; x_wconf 92' lang='lat' dir='ltr'>dem</span> <span class='ocrx_word' id='word_1_346' title='bbox 995 4266 1190 4351; x_wconf 72' lang='lat' dir='ltr'>conjunctiv</span> 
     </span>
     <span class='ocr_line' id='line_1_40' title="bbox 44 4368 1190 4454; baseline -0.002 -18"><span class='ocrx_word' id='word_1_347' title='bbox 44 4373 102 4436; x_wconf 86' lang='lat' dir='ltr'>ab:</span> <span class='ocrx_word' id='word_1_348' title='bbox 141 4372 219 4436; x_wconf 77' lang='lat' dir='ltr'>biv.</span> <span class='ocrx_word' id='word_1_349' title='bbox 243 4373 294 4448; x_wconf 88' lang='lat'>41,</span> <span class='ocrx_word' id='word_1_350' title='bbox 318 4370 413 4449; x_wconf 90' lang='grc'><strong>26,2</strong></span> <span class='ocrx_word' id='word_1_351' title='bbox 446 4371 550 4454; x_wconf 88' lang='lat' dir='ltr'>prima</span> <span class='ocrx_word' id='word_1_352' title='bbox 581 4369 636 4434; x_wconf 89' lang='lat' dir='ltr'>lux</span> <span class='ocrx_word' id='word_1_353' title='bbox 669 4371 769 4433; x_wconf 84' lang='lat' dir='ltr'>ferme</span> <span class='ocrx_word' id='word_1_354' title='bbox 803 4374 885 4445; x_wconf 88' lang='lat' dir='ltr'>erat,</span> <span class='ocrx_word' id='word_1_355' title='bbox 915 4391 985 4432; x_wconf 90' lang='lat' dir='ltr'>cum</span> <span class='ocrx_word' id='word_1_356' title='bbox 1015 4368 1128 4453; x_wconf 84' lang='lat' dir='ltr'>vigiles</span> <span class='ocrx_word' id='word_1_357' title='bbox 1157 4372 1190 4434; x_wconf 93' lang='lat' dir='ltr'>in</span> 
     </span>
    </p>
   </div>
   <div class='ocr_carea' id='block_1_3' title="bbox 43 4471 1226 4626">
    <p class='ocr_par' dir='ltr' id='par_1_6' title="bbox 43 4471 1226 4626">
     <span class='ocr_line' id='line_1_41' title="bbox 43 4471 1226 4556; baseline -0.006 -17"><span class='ocrx_word' id='word_1_358' title='bbox 43 4473 129 4539; x_wconf 81' lang='lat' dir='ltr'>vallo</span> <span class='ocrx_word' id='word_1_359' title='bbox 164 4473 281 4555; x_wconf 87' lang='lat' dir='ltr'>quique</span> <span class='ocrx_word' id='word_1_360' title='bbox 312 4473 346 4536; x_wconf 92' lang='lat' dir='ltr'>in</span> <span class='ocrx_word' id='word_1_361' title='bbox 381 4477 545 4556; x_wconf 87' lang='lat' dir='ltr'>portarum</span> <span class='ocrx_word' id='word_1_362' title='bbox 573 4471 766 4536; x_wconf 88' lang='lat' dir='ltr'>stationibus</span> <span class='ocrx_word' id='word_1_363' title='bbox 794 4475 902 4555; x_wconf 88' lang='lat' dir='ltr'>eraut,</span> <span class='ocrx_word' id='word_1_364' title='bbox 936 4493 1007 4535; x_wconf 88' lang='lat' dir='ltr'>cum</span> <span class='ocrx_word' id='word_1_365' title='bbox 1037 4471 1193 4535; x_wconf 88' lang='lat' dir='ltr'>vidissent</span> <span class='ocrx_word' id='word_1_366' title='bbox 1223 4478 1226 4482; x_wconf 83' lang='lat'>&#39;</span> 
     </span>
     <span class='ocr_line' id='line_1_42' title="bbox 937 4574 990 4626; baseline 0.038 -2"><span class='ocrx_word' id='word_1_367' title='bbox 937 4574 990 4626; x_wconf 72' lang='lat'>37*</span> 
     </span>
    </p>
   </div>
   <div class='ocr_carea' id='block_1_4' title="bbox 0 0 1447 5056">
    <p class='ocr_par' dir='ltr' id='par_1_7' title="bbox 0 0 1447 5056">
     <span class='ocr_line' id='line_1_43' title="bbox 0 0 1447 5056; baseline 0 0"><span class='ocrx_word' id='word_1_368' title='bbox 0 0 1447 5056; x_wconf 95' lang='lat' dir='ltr'> </span> 
     </span>
    </p>
   </div>
  </div>
 </body>
</html>
