2850 5062
443 385 488 395 -›
524 349 587 412 529
631 387 669 397 -

73 536 120 548 ——
144 501 301 586 fulgebat.
346 503 375 578 5,
399 501 470 583 2,'l
501 502 674 585 perticam,
704 523 785 584 quae
813 501 952 584 undique
982 503 1123 586 conspici

45 605 98 681 et,
122 618 221 687 supra
243 603 446 687 praetorium
460 604 582 667 statuit.

56 726 134 794 Ein
165 731 341 806 aweiter,
377 751 435 793 von
467 728 536 793 dem
565 727 762 793 Relativsata
793 728 994 815 abhiingiger
1017 728 1122 795 Final·

65 831 154 895 wird
177 834 238 895 mit
255 837 294 895 'sd
315 830 530 915 angelrndpft:
553 831 635 894 Liv.
659 831 710 908 27,
733 833 763 906 5,
789 835 824 894 ll
849 830 967 895 milites
982 835 1125 897 mercede

45 933 130 1015 uei,
158 936 214 1015 qui
240 936 275 996 in
304 932 493 1016 Hispaniam
520 931 560 996 ad
589 931 823 996 Hasdrubalem
849 934 1067 1010 traicerentur,
1090 941 1125 998 ut

45 1068 64 1078 -
96 1037 247 1120 iungeret
268 1058 302 1098 se
324 1032 509 1101 Hannibali.

53 1163 182 1241 5490.
228 1162 497 1227 Consecutivc
526 1160 809 1224 Relativsittze
844 1161 1035 1226 bezeichnen
1071 1163 1123 1226 die

51 1263 322 1327 challenheit
344 1265 430 1327 eines
458 1263 502 1326 im
529 1261 726 1345 Hauptsatze
753 1262 929 1326 slehendcn
959 1263 1124 1348 Begriffes.

56 1362 209 1450 logische
225 1363 508 1428 Verwandtschaft
526 1364 587 1428 mit
609 1364 680 1427 dem
702 1364 822 1428 finalen
838 1363 1124 1430 Satzverhiiltnissc

45 1470 75 1543 {t
104 1465 174 1531 sich
201 1464 286 1530 auch
313 1466 347 1529 in
375 1466 431 1529 der
458 1465 561 1543 alten,
590 1465 705 1550 gewiss
735 1465 869 1529 1111331311
893 1463 990 1529 Form
1012 1472 1048 1530 ut
1069 1469 1125 1548 qui

83 1568 204 1632 welche
227 1569 278 1647 die
300 1567 455 1631 Komiker
477 1566 678 1630 aulbewahrt
700 1567 822 1631 naban:
852 1565 980 1631 Plaut.
1005 1567 1123 1636 Bacch.

64 1671 167 1733 adeon
183 1692 234 1733 me
250 1670 347 1732 fuisse
363 1669 508 1753 fungum,
532 1669 639 1751 utqui
655 1668 701 1731 illi
718 1668 886 1732 crederem.
926 1672 999 1734 511.
1034 1671 1125 1740 Cure.

49 1819 53 1828 .
98 1772 184 1836 Ter.
213 1773 315 1834 Andr.
350 1771 407 1834 148
439 1770 485 1834 ita
516 1775 584 1833 tum
618 1768 746 1833 discedo
776 1770 815 1833 ab
843 1770 916 1848 illo,
945 1778 982 1834 111
1009 1774 1063 1855 qui
1090 1795 1125 1838 se

45 1892 81 1937 un
101 1877 199 1958 neget
220 1872 379 1936 daturum.

70 2006 95 2064 1.
119 1999 278 2084 Obgleich
304 2020 372 2063 nun
400 1999 486 2062 diese
513 1999 596 2062 oben
625 1998 753 2063 citirten
784 1997 985 2064 Nebensiitae
1013 2024 1122 2088 wegen

71 2101 214 2166 Partilrel
252 2106 288 2165 ut
325 2099 506 2164 stimmtlich
546 2101 608 2163 den
647 2099 897 2183 Coujuuctiv
930 2101 1052 2183 haben,
1088 2125 1124 2169 so

45 2205 149 2267 wankt
178 2205 234 2265 der
255 2201 369 2266 Modus
396 2202 430 2265 in
460 2202 522 2265 den
550 2223 611 2265 nur
633 2203 693 2265 mit
713 2203 770 2282 qai
792 2202 1015 2286 eingeleitetcn
1040 2205 1124 2270 Ocn-

45 2306 212 2369 rtivsiitzen
241 2301 298 2367 der
329 2303 417 2366 alten
447 2303 517 2367 'deit
542 2325 578 2366 so
606 2302 695 2381 sehr,
726 2303 799 2367 dass
827 2325 867 2368 an
896 2307 973 2387 anei
1003 2306 1122 2372 Stelleu

45 2407 73 2472 le
96 2406 185 2470 Medi
213 2405 394 2488 promiscue
422 2403 550 2469 slehen:
584 2405 639 2467 Pl.
664 2403 748 2470 Men.
776 2407 837 2469 451
866 2405 999 2470 adfatim
1024 2408 1124 2472 homi-

45 2514 105 2589 131,
129 2509 163 2572 11
192 2507 260 2570 dies
283 2508 337 2590 qui
361 2507 504 2591 singulas
528 2528 615 2570 escas
638 2506 744 2590 edint2
772 2505 887 2590 quibus
910 2509 1020 2591 negoti
1044 2508 1125 2572 nihil

63 2611 118 2695 qui
141 2630 246 2673 essum
268 2630 372 2692 neque
394 2612 548 2689 vocantur
569 2629 672 2692 neque
696 2612 820 2676 vocant.
857 2607 949 2674 Oura.
965 2610 1028 2673 480
1050 2616 1126 2675 sunt

59 2714 139 2776 dant
161 2711 279 2793 quique
307 2710 469 2792 accipiunt
490 2710 628 2774 faenore.
674 2709 763 2774 Pone
785 2709 894 2774 aedem
919 2710 1058 2776 Castoris
1078 2714 1125 2776 ibi

45 2820 59 2879 t
81 2814 188 2877 subito
217 2812 332 2894 quibus
360 2811 470 2876 credas
499 2812 591 2876 male.
637 2812 701 2875 We
722 2813 779 2876 der
801 2812 1005 2877 lndicativ
1028 2813 1123 2893 steht,

45 2916 58 2979 d
89 2916 146 2978 der
167 2913 385 2978 Causalnexus
414 2912 505 2976 nicht
526 2914 757 2998 ansgcdrdclrt‚
781 2937 807 2980 z.
832 2912 868 2976 B.
893 2913 947 2977 Pl.
971 2913 1059 2978 Trin.
1085 2916 1122 2980 91

45 3022 57 3081 t
77 3038 159 3100 quos
181 3014 248 3078 scio
271 3015 389 3077 amicos
413 3035 493 3094 esse,
517 3018 594 3077 sunt
615 3037 696 3098 quos
718 3015 869 3098 suspicor.
906 3014 1024 3079 Bacch.
1045 3018 1126 3081 1149

52 3118 137 3202 quod
159 3122 192 3180 te
215 3115 287 3180 vulo
311 3119 443 3180 secreto.
487 3114 601 3184 Pseud.
621 3118 677 3180 111
696 3115 842 3199 estquod
858 3115 942 3179 domi
959 3117 1004 3180 fui
1021 3138 1122 3201 paene

48 3225 101 3284 tus
124 3219 237 3282 dicere.
281 3217 345 3281 462
372 3223 448 3281 sunt
468 3238 548 3301 quae
576 3222 609 3281 te
630 3219 777 3282 volumus
805 3218 997 3301 percontari.
1042 3224 1126 3301 capt

47 3370 54 3386 .
86 3322 178 3385 Asin.
206 3318 269 3383 232
297 3323 348 3382 est
375 3357 412 3366 —
442 3318 525 3402 quod
554 3318 626 3382 volo
662 3319 757 3401 loqui.
801 3317 875 3382 Und
903 3319 996 3382 lister.
1041 3319 1125 3385 Ter.

45 3424 83 3488 lr.
111 3421 176 3485 448
210 3424 259 3484 est
290 3421 374 3503 quod
409 3423 574 3484 suscenset
605 3421 674 3484 tibi.
721 3419 848 3484 Phorm.
875 3421 938 3485 333
971 3420 1042 3485 aliis
1071 3422 1126 3484 ali·

45 3528 101 3590 lest
122 3522 289 3607 periclum,
305 3522 396 3585 ande
418 3521 537 3606 aliquid
559 3521 672 3585 abradi
693 3526 808 3605 potest.

66 3652 157 3715 Aber
185 3648 285 3713 schon
316 3649 349 3712 in
378 3650 434 3713 der
459 3650 544 3713 alten
568 3647 639 3712 Zeit
668 3650 711 3712 ist
732 3649 788 3711 der
810 3648 1054 3732 Conjunctiv
1076 3651 1127 3715 bei

45 3759 110 3818 tem
131 3751 290 3837 haufiger‚
313 3773 349 3815 so
372 3751 444 3815 dass
468 3750 610 3815 Paetzolt
631 3772 692 3813 nur
715 3750 960 3833 beispielswsise
982 3751 1023 3816 38
1046 3751 1127 3817 Stel·

57 3854 212 3936 aufzahlt,
236 3854 387 3917 darunter
409 3853 461 3917 Pl.
478 3851 567 3916 Trin.
584 3852 646 3916 268
668 3857 745 3916 sunt
758 3857 876 3934 tamen,
900 3875 979 3936 quos
994 3855 1127 3919 miseros

45 3958 168 4022 habeas.
206 3956 268 4019 310
290 3960 339 4018 est
360 3955 444 4038 quod
467 3953 618 4040 gaudeas.
657 3954 719 4017 616
735 3975 835 4038 aquae
851 3955 912 4018 erit
926 3955 985 4018 tibi
1001 3956 1127 4040 cupido,

46 4082 84 4124 us
113 4058 168 4141 qui
196 4058 377 4140 restinguas
399 4061 498 4120 tuum.
547 4056 628 4119 1166
650 4060 698 4120 est
720 4056 802 4139 quod
827 4057 905 4121 mihi
928 4078 1127 4122 suscenseas.

45 4186 49 4224 ι
73 4162 130 4224 der
155 4159 276 4223 Andria
298 4159 352 4221 des
375 4156 496 4221 Terenz
518 4157 644 4221 werden
668 4157 698 4239 8,
723 4178 780 4220 aus
803 4158 874 4222 dem
891 4157 1065 4223 Eunuchus
1090 4153 1129 4223 ld

45 4265 105 4328 llen
139 4261 234 4325 citirt.
280 4259 371 4323 Danu
403 4260 552 4324 hommen
587 4260 669 4323 noch
697 4259 740 4322 24
768 4258 891 4324 Stellen
918 4260 978 4323 mit
1006 4281 1053 4324 ne
1061 4282 1127 4345 ga·

47 4386 106 4428 em
136 4361 333 4446 Hauptsatz,
364 4361 436 4425 dem
463 4364 542 4424 stets
570 4361 625 4425 der
653 4359 848 4444 Conjunctiv
876 4362 968 4445 lolgt.
1016 4361 1128 4427 Dieser

45 4469 98 4530 lus
121 4464 224 4528 bleibt
246 4483 313 4526 nun
336 4463 368 4526 in
392 4462 474 4526 allen
500 4461 609 4527 Zeiten
630 4463 686 4526 der
710 4462 986 4528 vorherrschende.

45 4574 507 4625 1311111111.8111111111111311.
522 4575 553 4615 11.
581 4575 675 4615 1111111.
896 4572 928 4619 34
1016 4613 1017 4616 ,
1044 4635 1052 4649 ·
