2850 5062
482 340 713 404 ..509-

21 512 129 555 ervns
153 496 202 555 est
222 511 329 573 nemo,
353 492 407 574 qui
429 490 523 555 modo
545 490 705 556 tolerabili
729 490 917 556 condicione
939 491 982 556 sit
996 493 1168 575 servitutis,

21 594 68 676 qui
102 615 167 656 uon
201 591 365 657 audaciam
394 631 434 639 —
464 590 696 676 perhorrescat.
747 593 791 657 in
820 592 935 657 Caecil.
966 595 996 675 ’1,
1025 594 1068 657 22
1095 598 1171 658 sunt

21 695 119 758 uultu
140 716 220 778 quae
243 692 359 758 Verres
381 695 415 758 in
443 715 493 757 me
523 716 591 759 esse
620 694 802 775 arbitratur,
832 716 913 778 quae
935 695 996 760 scit
1017 696 1052 758 in
1074 700 1106 759 te
1131 734 1168 743 -

21 819 84 860 ron
108 818 189 861 esse.
232 795 311 862 fam.
337 799 369 872 1,
393 796 428 873 8,
451 795 471 858 6
494 795 615 859 nullam
643 817 709 859 rem
739 817 807 860 esse
837 796 1001 860 minimam
1026 819 1106 880 quae
1129 798 1169 861 ad

21 920 46 960 e
69 898 241 982 pertineat,
266 897 445 981 quaemihi
468 919 534 961 non
557 899 660 962 carior
682 898 725 961 sit
747 920 843 982 quam
866 919 954 961 meae
977 919 1027 962 res
1049 920 1168 964 omnes.

21 999 113 1064 l'nsc.
139 1003 168 1083 1,
189 999 243 1080 25,
265 998 317 1063 62.
339 998 370 1081 5,
394 1001 423 1078 5,
449 1000 499 1062 12.
529 999 614 1080 §64
635 1022 665 1062 u.
688 999 740 1064 66.
784 998 870 1068 Lael
893 1000 922 1081 8,
944 999 996 1063 21,
1028 999 1067 1076 Q.
1091 1000 1168 1065 Cic.

21 1104 82 1184 pet.
107 1121 194 1168 cons.
216 1101 246 1183 7,
269 1100 309 1164 27
334 1122 427 1164 nemo
451 1101 529 1177 erit,
552 1101 586 1163 in
610 1122 673 1183 quo
696 1100 790 1164 modo
811 1099 932 1183 aliquid
955 1100 1007 1183 sit,
1030 1102 1084 1186 qui
1107 1102 1169 1166 hoc

21 1207 147 1286 tempus
170 1239 210 1251 -
234 1204 478 1286 praetermittat

102 1302 144 1368 Iu
170 1303 458 1389 umgekehrter
484 1303 665 1388 Satafolge:
709 1297 810 1369 Tusc'
832 1304 866 1386 2,
899 1304 941 1367 26
974 1304 1057 1388 apud
1091 1326 1169 1389 quos

21 1410 123 1470 entem
154 1406 291 1469 venandi
321 1410 354 1469 et
381 1404 545 1490 equitandi
575 1405 644 1469 laus
673 1406 775 1491 viget,
797 1407 852 1490 qui
880 1405 964 1470 hanc
994 1410 1169 1490 petessant,

21 1507 143 1571 nullum
180 1507 314 1592 fugiunt
349 1506 499 1574 dolorem.
553 1529 585 1590 p.
621 1507 714 1574 domo
757 1509 795 1570 19
832 1508 920 1572 cuius
958 1508 1038 1592 legis
1074 1530 1169 1592 quam

21 1610 154 1693 quisque
188 1613 313 1692 partem
341 1610 449 1694 tetigit
476 1609 579 1693 digito
603 1647 652 1684 -‚
681 1630 870 1694 quocunque
899 1610 1003 1693 venit,
1025 1610 1169 1693 repudia·
1294 1666 1298 1674 .

21 1715 69 1774 tus
99 1710 326 1794 convictusque
357 1710 510 1776 discessit.
561 1710 600 1775 de
628 1732 673 1774 or.
697 1711 733 1788 2,
763 1710 805 1774 22
831 1732 925 1794 quem
947 1711 1111 1796 probabit,
1135 1712 1169 1776 in

21 1833 72 1894 eo,
107 1833 189 1895 quae
225 1813 362 1876 maxime
396 1812 569 1890 excellent,
596 1834 646 1876 ea
678 1812 922 1899 diligentissime
949 1818 1168 1897 persequatur.

21 1914 92 1978 fam.
115 1915 153 1993 2,
178 1916 213 1991 4,
236 1914 257 1975 2
279 1913 305 1976 si
335 1912 397 1978 hoc
426 1914 587 1992 statueris,
617 1935 753 1997 quarum
785 1915 912 1978 laudum
946 1913 1083 1999 gloriam
1116 1917 1169 1979 ad·

21 2015 154 2094 amaris,
186 2015 301 2098 quibus
329 2015 451 2079 artibus
484 2037 539 2080 eae
568 2016 676 2080 laudes
705 2020 947 2101 comparantur,
979 2017 1012 2081 iu
1035 2016 1076 2081 iis
1098 2039 1167 2082 esse
1288 2080 1292 2089 ,

21 2115 259 2181 elaborandum.
321 2116 525 2202 Nagelsbach
563 2122 583 2200 ξ
622 2119 680 2182 157
718 2115 893 2183 tibersetzt:
926 2109 1052 2201 ‘„wenn
1090 2141 1165 2183 man

21 2218 105 2283 uach
132 2218 205 2282 dem
233 2217 357 2283 Rnhme
384 2220 535 2304 gewisser
557 2218 750 2285 Verdieuste
777 2220 877 2306 geist,
905 2241 941 2284 so
976 2242 1062 2285 muse
1092 2244 1167 2286 man

21 2321 88 2385 sich
118 2342 172 2383 um
209 2320 260 2384 die
287 2319 392 2385 Mittel
431 2321 606 2405 bemtihen,
636 2343 697 2385 ron
726 2320 867 2386 welcheu
896 2321 1004 2386 solche
1032 2323 1167 2407 bedingt

21 2422 125 2486 sind.“
154 2457 186 2466 -
218 2420 260 2486 So
289 2423 333 2486 im
353 2422 530 2487 ‚officiellen
559 2422 636 2487 Stil:
682 2422 761 2487 Liv.
785 2423 843 2505 23,
871 2425 923 2500 14,
952 2424 1166 2509 3edixitque‚

21 2518 72 2607 qui
98 2561 141 2569 ·-
164 2522 198 2587 in
221 2523 357 2588 vinculis
380 2528 504 2606 essent,
528 2524 582 2608 qui
605 2545 712 2588 eorum
736 2524 820 2608 apud
843 2547 878 2589 se
900 2524 1166 2607 militesfierent,

21 2645 73 2690 eos
106 2662 143 2673 -
176 2645 244 2689 sese
267 2625 389 2690 exsolvi
418 2626 576 2690 iussurum
605 2625 828 2710 („diejenigeu
856 2625 912 2689 der
941 2625 1163 2706 Verhafteten,

21 2725 142 2791 welche
172 2725 326 2791 Soldaten
356 2727 482 2792 werden
512 2727 656 2803 wolsten,
691 2727 807 2791 sollteu
842 2728 957 2792 belreit
990 2728 1164 2815 werden“).

21 2827 134 2893 Genan
162 2828 411 2912 entsprechend:
455 2829 596 2912 38,11‚
624 2830 645 2894 9
672 2851 752 2914 quae
780 2830 889 2909 urbes,
918 2832 971 2915 qui
1000 2831 1087 2916 agri,
1109 2833 1164 2915 qui

21 2928 168 2995 homiues
200 2931 387 2996 Aetolorum
420 2931 498 2995 iuris
527 2931 696 3015 aliquando
730 2932 870 3014 fuerunt,
899 2934 954 3016 qui
986 2954 1096 2997 eorum
1128 2972 1167 2980 -

21 3032 49 3098 in
81 3032 241 3096 dicionem
270 3033 380 3116 populi
407 3031 446 3097 R.
469 3036 638 3116 venerunt,
667 3055 707 3096 ue
734 3054 826 3116 quem
855 3054 964 3098 eorum
989 3035 1095 3098 Aetoli
1118 3056 1166 3098 re-

21 3134 147 3219 cepisse
170 3133 279 3198 velint.

106 3238 127 3317 §
156 3237 228 3300 481.
285 3233 754 3321 Unregelmiissiglreiten
785 3236 823 3299 in
854 3235 920 3299 der
949 3235 1168 3302 Goordiua-

21 3341 110 3404 tion
134 3336 190 3401 der
212 3337 434 3402 Relatirsfitze.

111 3444 140 3503 1.
185 3437 384 3504 Ooordiuirte
407 3439 555 3504 Relatira
576 3440 609 3504 in
633 3439 836 3524 ungleiehem
859 3439 960 3504 Casus
983 3439 1109 3503 werden
1135 3442 1167 3505 in

21 3544 76 3608 der
98 3540 201 3625 Regel
223 3540 426 3626 collacandig
458 3541 688 3626 ausgedritclrt‚
719 3541 777 3605 wie
806 3541 883 3605 Cic.
912 3540 998 3610 Lael.
1031 3542 1072 3606 23
1099 3543 1169 3626 quis

21 3652 87 3709 tam
118 3646 202 3707 esset
227 3643 365 3722 ferreus,
394 3644 449 3727 qui
477 3664 548 3707 eam
576 3642 675 3707 vitam
703 3643 787 3707 ferre
814 3648 925 3726 posset
955 3643 1068 3727 cuique
1104 3664 1168 3707 uon

21 3746 164 3810 auferret
184 3745 322 3809 fructum
349 3745 550 3827 voluptatum
582 3744 726 3807 omnium
753 3744 915 3809 solitudo?
965 3744 1005 3808 de
1027 3765 1071 3807 or.
1095 3746 1169 3822 3‚4

21 3869 82 3912 uos
106 3847 160 3931 qni
183 3846 245 3930 ipsi
272 3847 411 3910 sermoni
441 3867 507 3910 non
534 3844 791 3910 interfuissemus
819 3849 851 3910 et
873 3847 990 3930 quibus
1013 3844 1049 3912 Ο.
1073 3845 1170 3911 Cotta

22 3985 63 3997 -
93 3947 288 4013 tradidisset.
344 3947 435 4013 Tusc.
462 3949 494 4025 1,
522 3946 580 4029 30,
615 3947 655 4010 72
687 3950 742 4032 qui
776 3951 883 4012 autem
912 3987 953 3996 —-
982 3948 1168 4032 quibusque.

25 4050 96 4115 Uud
119 4050 212 4114 tester.
249 4048 320 4114 Nur
342 4048 609 4114 ausuahmsweise
630 4049 674 4112 ist
695 4050 758 4113 seit
779 4035 912 4114 Plsutus
935 4049 992 4113 der
1013 4048 1167 4114 Nomina·

24 4154 66 4218 tir
102 4150 180 4217 oder
208 4152 378 4216 Accusativ
410 4152 497 4215 eines
526 4148 669 4214 ltelativs
697 4150 832 4233 (hdchst
859 4151 961 4215 selten
990 4150 1041 4214 eiu
1074 4149 1169 4214 Datis

26 4255 97 4319 oder
126 4252 274 4338 Ablativ)
310 4275 366 4318 aus
399 4253 504 4319 einem
539 4251 821 4336 voraufgeheuden
855 4253 919 4316 und
951 4253 986 4315 in
1021 4251 1169 4316 auderem

25 4355 124 4422 Oasus
147 4353 323 4420 stehenden
345 4354 472 4420 Relatis
496 4376 534 4417 zu
557 4358 725 4438 erg'duzem
750 4355 811 4418 und
835 4375 920 4419 zwar

106 4459 141 4543 a)
167 4461 233 4521 Ans
266 4456 336 4522 dem
365 4457 554 4523 Nominativ
587 4457 643 4519 der
670 4458 857 4520 Accusatir:
902 4455 980 4521 Cic.
1003 4455 1041 4519 de
1070 4477 1115 4521 or.
1139 4458 1169 4538 2,
