2850 5062
692 320 917 383 —530-

317 470 346 533 2.
372 469 432 532 Die
465 468 586 533 Stellen
625 491 682 532 aus
715 471 771 535 der
802 470 1057 535 klassieehen
1091 472 1157 534 und
1192 476 1366 555 spiteren

234 570 304 633 Zeit
325 573 396 634 sind
421 570 577 634 ebenfalls
600 571 682 635 nach
706 572 777 634 dem
801 572 1080 657 Modnagebraueh
1105 595 1144 636 zu
1168 572 1325 638 scheiden

317 676 349 754 a)
373 671 445 735 Von
461 672 564 735 denen
581 673 640 735 mit
655 672 725 736 dem
742 672 986 758 Conjune'tiv
1002 674 1085 758 gebe
1101 674 1153 737 ich
1170 697 1231 738 nur
1246 671 1369 758 wenige,

234 773 329 837 theiis
353 772 663 856 eharakteristische‚
686 774 784 838 theiis
806 775 928 840 seltene
951 777 1029 838 oder
1052 775 1262 840 auifatiende.
1299 775 1371 838 Dass

232 875 283 939 die
307 875 400 938 Form
432 874 491 938 mit
521 876 757 940 consecutivem
786 881 821 941 eet
842 877 933 940 nieht
956 875 1224 962 ausgesehlossen
1247 877 1304 958 ist,
1324 899 1370 939 um

232 977 314 1042 nach
342 978 446 1040 einem
469 975 777 1041 Demonstrativ
807 978 856 1041 die
886 976 1147 1044 Benehaffenheit
1179 1001 1216 1041 zu
1239 978 1370 1042 bezeich-

179 1115 181 1119 <
231 1101 305 1161 nen,
329 1077 472 1142 versteht
494 1077 562 1142 sich
585 1101 647 1143 von
672 1078 786 1142 selbst:
810 1079 882 1145 Cin.
909 1079 978 1144 Cat.
1007 1083 1033 1157 1,
1055 1082 1086 1159 9,
1105 1080 1147 1142 22
1171 1081 1371 1164 nequeenim

230 1184 259 1246 is
281 1202 323 1263 en,
346 1186 381 1245 at
401 1184 433 1244 te
452 1218 487 1227 —
505 1179 675 1244 revocarit.
722 1181 808 1243 Aber
829 1180 974 1264 htufiger
996 1181 1040 1245 ist
1061 1182 1118 1245 das
1141 1181 1282 1263 Relativ,
1298 1182 1370 1245 anch

231 1282 281 1362 da,
304 1304 354 1346 wo
378 1281 434 1344 das
458 1280 699 1345 Demonstrativ
723 1303 762 1344 au
784 1286 941 1367 ergitnzen
965 1283 1023 1345 ist:
1048 1283 1177 1359 ibid-4,
1199 1284 1233 1345 11
1257 1281 1373 1347 habetis

231 1388 315 1448 enim
339 1404 408 1448 eum
431 1382 603 1459 consulem,
620 1383 674 1465 qui
697 1403 809 1465 parere
829 1422 865 1428 -
883 1404 948 1447 non
970 1383 1096 1447 dubitet
1111 1391 1144 1447 et
1164 1423 1200 1431 -
1217 1389 1374 1468 praestare

230 1485 342 1568 possit.
382 1484 467 1568 legg.
494 1486 520 1565 1,
539 1485 577 1547 13
600 1488 655 1546 aut
677 1488 711 1546 tu
733 1485 762 1547 ts
785 1506 828 1565 ea,
853 1485 908 1567 qui
931 1485 965 1548 in
988 1485 1184 1569 disputando
1208 1507 1275 1549 non
1291 1490 1374 1549 tuum

232 1587 385 1651 iudicium
408 1606 550 1668 sequare,
573 1584 626 1648 sed
651 1585 834 1648 auctoritati
859 1584 995 1650 eliorum
1017 1608 1141 1670 pareas.
1181 1586 1289 1651 Tusc.
1312 1589 1339 1659 5,
1358 1587 1374 1650 8

231 1692 282 1752 est
311 1689 366 1752 aba·
396 1686 428 1749 id
458 1687 519 1749 isto
551 1685 645 1750 modo
673 1686 788 1750 valeat.
832 1687 883 1749 off.
910 1688 937 1769 1,
959 1687 1011 1765 28,
1034 1687 1085 1751 99.
1132 1688 1174 1753 aa
1198 1687 1287 1764 Quir.
1310 1689 1375 1764 3,8

149 1787 151 1789 ’
230 1789 330 1854 freter
352 1793 422 1852 erat
436 1808 520 1853 umas
542 1787 634 1868 („der
649 1788 808 1871 einzige“)
825 1788 878 1871 qui
895 1810 952 1852 auo
967 1788 1116 1871 squalore
1132 1794 1261 1854 vestros
1276 1791 1376 1854 oeulos

230 1892 417 1956 inflecteret.
463 1888 552 1953 Eben
571 1911 620 1953 so:
643 1889 705 1953 div.
725 1890 789 1967 1,4
811 1887 1006 1954 Xenocrates
1029 1911 1122 1972 unies,
1145 1891 1204 1973 qui
1220 1891 1299 1956 deos
1315 1912 1376 1954 esse

230 1994 358 2057 diceret.
405 1990 493 2075 (Vgl.
522 1991 661 2054 frenatis.
691 1989 720 2052 le
748 1989 815 2053 seul
845 1989 924 2072 qui.)
969 1989 1064 2054 Catil.
1097 1995 1128 2065 l,
1161 1992 1203 2054 12
1232 1993 1376 2059 munatii

230 2097 306 2158 sunt
339 2093 392 2176 qui
425 2130 459 2139 -
490 2115 557 2156 non
593 2092 730 2156 videant.
775 2092 851 2154 fam.
879 2092 926 2167 16,
949 2091 1025 2172 5,2
1057 2093 1152 2157 multi
1184 2097 1285 2158 erunt
1316 2093 1376 2176 qui.

233 2196 280 2273 15,
302 2197 332 2270 4,
359 2197 396 2258 15
416 2197 581 2276 pauciores
605 2194 663 2256 viri
685 2194 802 2275 reperti
826 2198 902 2256 sunt
924 2193 988 2275 qui.
1034 2191 1125 2259 Brut.
1148 2195 1193 2258 49
1217 2196 1286 2260 tria
1309 2199 1381 2260 eunt

229 2319 318 2380 quae.
362 2298 468 2377 fini,
492 2296 610 2359 esunt
637 2295 809 2376 quideme
832 2295 967 2374 nostris,
991 2295 1056 2377 qni.
1101 2293 1197 2372 Tnse,
1224 2298 1252 2376 1,
1277 2297 1320 2360 35
1341 2296 1380 2360 sit

230 2400 349 2479 aliquis
374 2399 457 2481 quis
483 2396 563 2463 Phil.
587 2396 616 2477 8,
638 2398 658 2459 3
682 2416 757 2479 ergo
780 2396 872 2459 habet
894 2396 1067 2477 Antonius,
1091 2397 1176 2479 quod
1200 2397 1269 2461 anis
1293 2397 1380 2481 polli-

229 2504 346 2563 ceatur.
392 2497 434 2563 So
456 2496 538 2561 auch
565 2497 644 2560 Liv.
673 2498 723 2578 40,
746 2497 788 2560 56
810 2500 842 2559 te
865 2518 964 2560 unum
987 2497 1101 2575 habeo,
1126 2519 1223 2581 quem
1247 2498 1380 2583 dignum

227 2623 327 2684 regno
350 2600 496 2663 iudicem.
522 2638 560 2661 .—
585 2600 660 2662 Cic.
683 2620 716 2660 n.
739 2598 766 2660 d.
800 2598 831 2679 3,
856 2598 906 2680 24,
930 2598 971 2661 62
1001 2598 1034 2661 in
1066 2597 1245 2662 enodandis
1275 2605 1380 2665 autem

229 2702 429 2782 nominibus,
458 2702 541 2781 qnod
561 2700 777 2764 vuisernadum
798 2701 855 2780 sn,
887 2698 1041 2763 laboratis
1070 2699 1148 2784 (‚,so
1172 2702 1249 2764 dass
1272 2704 1380 2765 eseia

227 2802 370 2866 Jammer
402 2803 488 2884 ist“).
533 2825 563 2885 p.
587 2801 704 2865 Archia
726 2801 756 2882 6,
784 2801 821 2864 12
853 2802 929 2883 quia
963 2803 1144 2883 suppeditat
1179 2803 1293 2886 nobis,
1324 2803 1378 2867 abi

228 2905 354 2968 animun
383 2926 421 2966 ex
448 2902 510 2967 hoe
536 2903 656 2966 forensi
686 2903 821 2985 strepitu
849 2903 1011 2966 reficiatur
1040 2904 1112 2984 (,‚er
1138 2903 1301 2987 gewahrt‘
1320 2927 1379 2968 uns

229 3007 280 3069 ein
304 3004 410 3069 Mittel
434 3026 488 3067 zur
511 3003 731 3087 Erholung“).
770 3002 858 3066 Verr.
875 3004 907 3084 4,
924 3005 966 3067 34
988 3005 1187 3087 imponebat,
1212 3005 1379 3090 aliquante

228 3107 363 3190 amptius
393 3127 488 3188 quam
514 3106 597 3168 ferre
626 3109 757 3186 possent
781 3109 835 3185 (ι-
858 3126 954 3187 quam
982 3105 1067 3188 qnod
1096 3105 1146 3169 od·
1178 3109 1239 3192 ut).
1286 3107 1376 3171 Tusa.

230 3212 258 3291 1,
285 3208 324 3272 10
346 3208 430 3291 quod
454 3208 614 3271 interdum
637 3205 764 3287 pudeat.
808 3208 839 3286 5,
856 3205 898 3269 39
920 3206 1005 3289 quod
1028 3206 1183 3271 credibile
1205 3210 1261 3271 vix
1284 3216 1374 3273 esset.

228 3309 292 3374 Der
314 3308 496 3393 Hauptaatz
519 3309 561 3371 ist
583 3307 749 3390 negativ
772 3307 849 3370 oder
870 3307 1058 3391 fragend:
1088 3308 1153 3372 div.
1178 3308 1209 3387 2,
1232 3310 1276 3373 58
1299 3310 1378 3375 nihil

227 3415 292 3474 tam
315 3411 451 3474 absurde
474 3410 535 3473 diei
559 3413 682 3492 potest,
713 3409 797 3491 qnod
827 3430 893 3472 non
922 3407 1046 3472 dicatur
1074 3409 1115 3472 ab
1143 3410 1254 3494 aliquo
1279 3411 1373 3494 philo-

151 3497 155 3503 ’
226 3511 409 3595 sophorum.
455 3510 616 3575 Servius
639 3533 689 3595 ap.
714 3510 780 3577 Cic.
795 3510 871 3573 fam.
887 3511 918 3592 4,
934 3511 955 3573 ὁ
969 3510 1077 3574 auitas
1092 3511 1185 3575 dolor
1200 3517 1260 3589 est,
1283 3497 1374 3597 quein

229 3636 294 3676 nnn
316 3612 538 3696 longinquitas
559 3613 714 3695 temporis
737 3613 868 3676 minuat
914 3611 994 3676 cie.
1017 3612 1094 3675 fam.
1117 3613 1258 3695 5,12,6
1280 3635 1374 3696 aeque

226 3715 310 3777 enim
334 3715 418 3777 tuis
442 3736 490 3790 es,
520 3715 589 3797 qui,
620 3714 671 3796 qui
697 3713 755 3789 εἰς,
778 3712 914 3777 nescias.
960 3713 1067 3796 (11.3,
1093 3716 1130 3777 11
1154 3720 1269 3801 quotus
1291 3717 1372 3779 enim

225 3816 357 3895 quisque
387 3817 579 3899 reperietur,
614 3816 668 3898 qui
697 3816 889 3898 impunitate
912 3853 951 3860 a·
974 3815 1177 3898 propositata
1211 3817 1372 3880 abstinere

226 3916 329 3997 possit
352 3916 495 3979 iniuria?
518 3918 579 3980 div.
603 3917 624 3979 2
646 3919 665 3997 ξ
693 3916 760 3979 125.
786 3915 871 4001 legg.
898 3919 924 3992 1,
948 3916 977 3997 8,
1000 3916 1051 3979 24.

309 4017 418 4082 Caes.
442 4018 472 4081 b.
496 4040 527 4102 g.
551 4018 580 4095 2,
605 4019 644 4080 21
669 4039 731 4081 non
757 4018 884 4102 longius
906 4017 1013 4081 hostes
1037 4017 1173 4081 aberant
1194 4039 1290 4101 qnam
1311 4039 1370 4100 quo

226 4118 325 4181 telum
349 4119 430 4182 adici
453 4125 562 4204 posset
582 4121 637 4204 (=
660 4121 781 4202 uteo).
826 4119 856 4201 2,
878 4120 920 4183 33
943 4123 1055 4183 eontra
1076 4139 1127 4184 eos
1148 4121 1202 4202 qui
1225 4142 1264 4182 ex
1287 4120 1367 4182 vallo

226 4221 428 4303 turribusque
450 4221 515 4285 tela
537 4223 689 4303 iacerent,
713 4221 853 4306 pugnari
878 4219 995 4284 debuit.
1041 4225 1072 4301 4,
1089 4222 1141 4302 21,
1164 4220 1193 4287 9.
1217 4222 1248 4303 4,
1269 4221 1318 4298 34,
1334 4222 1364 4284 4.

132 4340 134 4343 ·
224 4319 256 4400 5,
290 4321 325 4383 31
364 4322 409 4384 aie
432 4361 471 4369 —-
495 4328 531 4386 ut
563 4323 677 4405 quibua
710 4327 794 4386 esset
826 4344 1012 4406 persuasum
1038 4324 1093 4403 (=
1117 4327 1151 4385 nt
1178 4322 1200 4384 ii
1228 4322 1363 4405 quibus).

224 4420 254 4483 b.
279 4443 303 4486 e,
326 4423 356 4500 2,
384 4427 395 4485 1
421 4423 543 4507 reliqua
571 4430 690 4506 quanta
719 4429 768 4487 est
795 4425 896 4510 (pars)
926 4445 1007 4506 qnae
1036 4424 1157 4488 aditum
1187 4424 1299 4487 habeat
1320 4423 1361 4484 ab
