2932 5056
722 278 952 342 „240-

264 434 295 512 6,
322 430 335 493 1
361 430 550 514 scripseram
578 431 718 494 tenuisse
740 428 903 493 Varenum
935 432 973 493 ut
1000 429 1061 493 sibi
1091 449 1225 493 evocare
1252 432 1344 493 testes
1362 429 1391 491 li·

262 535 357 594 ceret.
403 529 465 595 Ein
489 530 695 614 explicatives
716 536 753 594 ut
773 530 831 595 hat
852 529 1012 595 Cicero:
1040 551 1073 612 p.
1098 529 1211 594 Plauc.
1234 531 1265 611 3,
1289 531 1308 594 8
1328 551 1392 594 uam
1451 610 1452 615 ἵ

264 633 289 696 si
320 632 365 696 ita
393 635 493 716 esset,
524 632 608 717 quod
635 636 742 716 patres
775 632 858 716 apud
885 631 1022 695 maiores
1050 634 1182 695 nostros
1210 637 1319 696 tenere
1340 653 1393 695 uon
1451 665 1453 680 ι

266 738 450 817 potuerunt,
473 737 510 798 ut
530 734 777 818 reprehensores
800 737 907 798 esseut
929 718 1144 798 comitiorum.

347 836 481 902 Servare
512 841 547 900 ut
580 835 630 899 bei
660 835 807 901 (tornis.
839 836 879 900 ad
907 834 983 899 Her.
1016 838 1043 915 1,
1077 836 1107 900 7.
1154 835 1232 900 Liv.
1261 836 1291 918 3,
1313 834 1394 917 36,3

262 937 352 1022 (aber
381 938 462 1002 uach
491 937 561 1022 ita).
606 936 667 1001 Mit
688 960 727 1003 nc
755 937 855 1002 sehon
878 936 1003 1019 Plaut,
1034 937 1123 1001 daun
1146 937 1215 1002 Liv.
1246 936 1309 1000 und
1331 935 1395 1019 Spp.

348 1038 409 1103 Die
438 1039 584 1124 Wdrter,
617 1040 737 1104 welche
773 1040 1009 1123 „zvvingen“
1037 1038 1208 1104 bedeuten.
1255 1038 1335 1121 Ooyo
1359 1043 1394 1120 at,

179 1222 185 1233 Ι
265 1140 348 1204 oben
371 1163 428 1205 aus
449 1141 583 1206 Plautus
611 1142 677 1206 und
700 1142 822 1206 Terenz
845 1141 968 1225 belegt,
996 1140 1099 1205 findet
1129 1140 1199 1205 sich
1228 1140 1395 1204 ausserdem

263 1242 296 1305 in
336 1242 421 1307 allen
456 1242 631 1307 Zeitaltern
663 1243 768 1308 neben
804 1242 861 1307 der
893 1242 968 1308 weit
998 1242 1220 1327 gelaufigeren
1254 1240 1395 1305 Infinitiv-

264 1345 497 1409 coustruction:
532 1344 607 1410 Cic.
632 1344 671 1409 de
693 1367 738 1411 or.
761 1346 793 1428 3,
816 1346 848 1428 3,
871 1345 891 1407 9
913 1348 1061 1408 tenemus
1083 1344 1170 1408 enim
1193 1343 1346 1407 memoria
1364 1341 1393 1416 Q.

263 1445 414 1511 Catulum
437 1484 473 1495 -
500 1467 568 1510 esse
591 1450 736 1511 coactum
758 1451 795 1510 ut
816 1446 882 1510 vita
904 1468 938 1510 sc
961 1446 1030 1530 ipse
1052 1446 1205 1529 privaret.
1234 1445 1290 1510 tiu.
1312 1444 1340 1528 2,
1359 1443 1392 1508 31

262 1547 423 1632 exigerem
458 1569 496 1611 ex
528 1551 560 1612 te
594 1568 803 1633 cogeremque
829 1550 866 1613 ut
897 1547 1116 1631 responderes.
1168 1546 1278 1612 Caes.
1313 1547 1341 1611 b.
1365 1565 1389 1629 g.

266 1652 291 1727 l,
314 1649 334 1712 6
357 1649 407 1713 vel
429 1650 461 1714 vi
483 1654 647 1714 coacturos
669 1654 706 1715 ut
727 1689 768 1699 —
790 1651 836 1714 ire
858 1653 1054 1734 paterentur.
1092 1647 1189 1714 Sall.
1212 1647 1291 1734 Jug.
1314 1647 1392 1727 91,5

264 1771 396 1835 coegere
418 1751 467 1816 uti
488 1751 683 1816 deditionem
707 1753 859 1817 facerent.
897 1751 987 1817 Hor.
1003 1773 1053 1834 ep,
1080 1754 1108 1832 l,
1131 1751 1164 1833 9,
1188 1750 1300 1814 2cum
1314 1751 1392 1833 roget

263 1856 319 1918 aut
339 1874 434 1937 prece
457 1852 559 1938 cogit,
588 1854 712 1918 scilieet
734 1858 769 1918 ut
792 1891 832 1902 -
855 1874 962 1918 coner.
1007 1852 1085 1918 Liv.
1107 1853 1138 1936 6,
1165 1853 1214 1934 15,
1241 1853 1281 1917 13
1302 1851 1391 1934 itaque

264 1976 330 2018 uon
353 1975 430 2038 ego,
460 1955 549 2019 vobis
575 1959 611 2019 ut
640 1955 778 2021 iudicem
800 1955 934 2040 praedas
957 1959 1095 2038 vestras,
1125 1953 1182 2018 sed
1211 1975 1270 2018 vos
1298 1953 1331 2017 id
1355 1973 1390 2016 eo

264 2056 361 2139 gendi
384 2056 462 2120 estis
483 2058 521 2120 ut
541 2056 576 2119 iu
597 2057 737 2122 medium
759 2057 939 2142 proferatis.
986 2057 1073 2121 Aber
1095 2057 1172 2120 zwei
1198 2055 1313 2120 Zeilen
1334 2055 1390 2118 dar·

262 2143 321 2220 auf
347 2157 382 2220 in
411 2156 486 2241 Cap.
514 2158 551 2220 16
580 2180 651 2223 cum
680 2198 720 2208 —
749 2181 902 2245 peragere
935 2181 1044 2223 verum
1077 2157 1232 2222 iudicium
1268 2160 1391 2242 cogeret

261 2258 313 2340 26,
336 2259 378 2323 35
400 2280 434 2322 se
455 2262 492 2324 ut
513 2258 591 2324 dent
618 2261 702 2345 quod
730 2282 796 2326 non
828 2260 982 2334 habeant.
1014 2260 1104 2324 nulla
1132 2259 1164 2323 vi
1194 2260 1269 2344 cogi
1302 2279 1392 2344 posse.

261 2358 391 2444 Nepos
407 2362 435 2444 7,
458 2363 489 2444 4,
513 2362 534 2425 5
554 2362 734 2426 sacerdotes
757 2385 776 2426 a
797 2362 913 2446 populo
937 2364 1064 2426 coactos
1086 2365 1122 2425 ut
1145 2382 1180 2424 se
1203 2361 1396 2426 devoverent.

345 2463 449 2547 Adipo
470 2468 507 2528 at
533 2463 620 2527 steht
646 2485 732 2528 zwar
757 2462 856 2528 sehon
885 2464 934 2528 bei
959 2462 1092 2527 Plautus
1122 2466 1160 2542 (e.
1186 2463 1299 2548 oben),
1331 2461 1397 2527 vird

261 2564 337 2628 aber
369 2586 432 2628 nor
463 2563 548 2629 noch
581 2565 626 2629 im
653 2566 776 2630 vicrteu
796 2563 912 2629 Jahrh.
942 2587 974 2629 ra
1000 2563 1075 2629 Chr.
1108 2564 1158 2629 bei
1188 2565 1328 2629 Latinus
1349 2565 1398 2629 Pa·

262 2669 351 2730 catus
373 2667 582 2751 augetroffen.
628 2665 793 2751 Htufiger,
817 2668 893 2731 aber
914 2665 1167 2746 nachklassiseh,
1191 2667 1236 2730 ist
1259 2666 1312 2732 die
1328 2667 1404 2732 Con-

263 2767 423 2832 struction
444 2769 505 2832 mit
525 2768 596 2833 dem
620 2768 773 2834 Infinitiv.
1376 2766 1378 2772 ’

346 2870 439 2934 Auch
465 2870 606 2954 affigere
632 2876 668 2935 ut
700 2871 743 2935 ist
767 2871 848 2935 oben
882 2869 1073 2936 wiederholt
1099 2892 1156 2934 aus
1185 2870 1322 2935 Plautus
1355 2872 1406 2936 be-

261 2970 339 3054 legt,
363 2971 447 3035 daun
470 2971 594 3035 kommt
616 2994 650 3037 es
673 2972 750 3036 aber
771 2994 832 3036 nur
855 2971 904 3036 bei
927 2971 1091 3037 Tacitus
1115 2993 1187 3036 vor:
1211 2994 1289 3036 ann.
1314 2974 1346 3057 2,
1367 2974 1408 3037 40

261 3074 298 3135 ut
319 3071 427 3137 ederet
448 3073 567 3153 socios,
601 3074 707 3159 subigi
734 3096 800 3138 nou
828 3074 942 3157 potuit.
987 3072 1226 3138 Gebriiuehlieh
1255 3074 1300 3139 ist
1330 3074 1410 3140 auch

262 3171 332 3237 hier
354 3174 409 3238 der
431 3174 584 3240 Infinitiv.

345 3276 542 3359 Estorqaere
564 3299 625 3342 nur
647 3276 726 3343 Cic.
749 3277 839 3342 Taso.
865 3280 892 3360 1,
916 3278 946 3358 1,
972 3280 1011 3340 14
1034 3277 1195 3342 extorsisti
1220 3280 1257 3341 ut
1280 3279 1410 3344 faterer.

261 3377 334 3442 Vat.
358 3378 442 3442 Max.
470 3381 497 3462 l,
522 3379 551 3461 7,
573 3380 594 3442 4
616 3378 700 3443 filius
723 3402 742 3442 a
763 3382 854 3462 patre
876 3379 1012 3442 extorsit
1033 3383 1070 3442 ut
1097 3416 1129 3426 -
1156 3379 1352 3445 mitteretur.

345 3480 509 3545 Addaccre
537 3479 616 3545 wird
646 3503 731 3545 zwar
762 3480 987 3564 iiberwiegend
1016 3480 1077 3542 mit
1103 3481 1148 3544 cd
1173 3480 1251 3544 oder
1277 3484 1317 3547 in
1344 3505 1413 3547 ver-

261 3581 406 3665 bunden,
441 3579 523 3646 doch
552 3581 613 3645 seit
635 3581 780 3648 Cicero
809 3581 891 3646 auch
918 3582 979 3644 mit
1007 3580 1111 3645 einem
1135 3579 1413 3649 Substantivsatz:

262 3683 296 3747 in
319 3681 436 3747 ancil.
459 3682 490 3762 2,
511 3683 533 3746 6
555 3683 710 3749 adductus
732 3705 802 3747 sum
824 3721 865 3732 -
888 3685 924 3747 ut
947 3704 1026 3747 onus
1050 3681 1144 3746 huius
1167 3681 1291 3749 laboris
1315 3690 1412 3771 atque

262 3783 361 3849 officii
383 3821 423 3830 -
447 3783 525 3847 mihi
549 3785 786 3869 suscipiendum
814 3788 969 3869 putarem.
1013 3783 1052 3848 de
1074 3806 1142 3848 sen.
1170 3785 1210 3849 10
1233 3787 1354 3853 adduci
1378 3793 1413 3853 ut

263 3886 368 3970 capite
391 3888 504 3969 operto
526 3887 578 3950 ait.
623 3887 699 3951 fam.
723 3888 753 3970 2,
779 3886 829 3968 10,
857 3889 869 3949 l
888 3887 1056 3952 nonenim
1080 3909 1211 3971 possum
1235 3889 1353 3955 adduci
1376 3894 1421 3954 ut>

261 4025 304 4035 -
334 3990 454 4070 putem.
506 3990 573 4051 Att.
611 3988 659 4069 ll,
691 3990 720 4066 7,
753 3988 773 4052 3
801 3987 830 4051 si
861 4009 911 4052 me
944 3987 1113 4053 adduxeris
1146 3992 1183 4053 ut
1215 3991 1409 4056 existimem.

262 4087 353 4152 Ebeu
383 4102 419 4152 so·
442 4087 522 4152 Liv.
546 4088 576 4166 4,
599 4088 641 4151 49
664 4089 768 4172 magis
790 4089 930 4154 adducor
958 4092 995 4153 ut
1017 4089 1153 4157 credam.
1199 4089 1262 4155 Mit
1284 4091 1410 4176 Ellipse

263 4191 317 4253 des
347 4188 442 4255 Verb.
473 4189 637 4254 credendi:
660 4189 737 4255 cie.
769 4189 824 4258 fin.
857 4192 883 4269 1,
912 4193 942 4274 5,
974 4191 1023 4254 14.
1069 4189 1144 4276 Vgl.
1175 4190 1341 4278 Madvig
1371 4217 1409 4258 zu

261 4291 364 4355 dieser
386 4291 495 4357 Stelle.
540 4289 633 4354 Mehr
655 4313 680 4354 s.
708 4294 808 4355 uuteu
837 4293 857 4371 ξ
879 4291 952 4354 405.
997 4292 1087 4356 Aber
1108 4295 1190 4357 statt
1212 4293 1329 4359 descen
1352 4294 1411 4358 hat

261 4391 372 4458 Cicero
404 4394 460 4458 das
484 4391 578 4456 Wort
605 4391 685 4457 eben
712 4414 748 4456 so
782 4395 841 4476 gut
867 4392 928 4456 mit
955 4394 1026 4457 dem
1050 4397 1166 4459 Aecus.
1198 4417 1224 4459 c.
1249 4396 1310 4461 inf.
1340 4419 1405 4461 ver·
