2850 5062
491 348 718 412 ..507-

13 506 145 583 potest,
167 501 292 565 invectu
318 500 350 564 iu
380 500 498 565 hostes.
546 499 711 565 lucorrect
739 502 797 565 ist:
841 502 896 583 34,
920 502 977 581 32,
1002 502 1023 565 3
1045 510 1206 584 tyranno·

18 624 135 684 quam
161 603 214 687 qui
245 624 382 685 unquam
411 602 474 665 fuit
501 604 686 667 saevissimo
721 603 829 688 (stato
865 608 902 666 ut
931 603 1011 689 qui).
1072 601 1187 686 Spiter

20 706 109 769 sehr
132 704 249 769 solten:
292 702 422 779 Quint.
445 705 476 785 3,
498 705 528 787 8,
554 704 592 767 12
614 703 763 785 affectus,
785 705 822 767 ut
844 725 926 789 quse
948 703 1099 782 maxime,
1130 726 1188 789 po-

22 807 143 870 stulat
192 805 278 868 Tse.
315 804 354 869 G.
386 804 426 867 10
458 805 617 888 suspicis,
653 808 690 869 ut
723 805 779 890 qui
813 807 967 889 maxime,
1003 807 1185 871 observant.

24 907 134 971 Gell.
160 908 209 988 15,
230 906 283 984 28,
312 910 324 969 l
350 905 526 982 Ciceronis,
549 908 661 991 utqui
685 907 832 989 maxime,
861 908 994 972 amicus.

121 1013 142 1090 ξ
163 1010 258 1074 418..
278 1006 339 1072 Die
359 1008 616 1092 griechischs
645 1008 998 1074 Oasusuttraction
1027 992 1187 1075 1111111-

29 1112 160 1176 1111111
192 1109 353 1174 erscheint
390 1115 497 1175 zuerst
526 1111 666 1195 spiirliuh
701 1111 735 1174 in
777 1110 833 1174 der
866 1110 1064 1176 klsssiscben
1103 1110 1185 1175 2111.

31 1213 139 1276 Dubei
161 1212 250 1275 kunn
272 1211 328 1275 der
350 1210 451 1276 (lusus
474 1212 529 1277 des
550 1211 873 1296 Relativprouomsns
894 1211 1089 1277 11111111
1112 1212 1184 1277 dem

31 1315 180 1379 Verbum
202 1314 257 1377 des
279 1306 494 1396 Hauptsotucs
516 1312 639 1377 11111111
660 1312 798 1378 werden.
848 1314 1061 1395 0111111,
1092 1316 1184 1395 1,11

32 1422 70 1481 ut
93 1416 214 1499 apertis
244 1414 437 1497 rationibus,
466 1416 581 1499 quibus
608 1415 882 1499 praescripsimus,
905 1452 944 1462 -
973 1414 1110 1480 docilem
1138 1415 1186 1479 fs-

35 1521 160 1583 ciomus
193 1515 379 1581 auditorem.
424 1518 503 1582 011.
532 1517 570 1580 sd
604 1521 673 1581 Au.
708 1518 760 1599 10,
789 1516 823 1599 8,
854 1515 871 1580 1
902 1537 962 1580 nos
988 1520 1097 1581 tumen
1125 1516 1187 1580 hoc

37 1618 263 1686 confirmamus
285 1617 341 1681 illo
364 1619 515 1702 augurio,
539 1640 602 1702 quo
631 1621 739 1702 (stattz
769 1617 869 1702 quod)
896 1616 1045 1682 diximus.
1089 1617 1186 1682 buc-

37 1724 150 1788 ceius
173 1720 212 1784 cd
234 1717 310 1783 fam.
333 1720 364 1802 5,
392 1722 440 1804 14,
465 1721 479 1783 1
505 1742 576 1784 cum
599 1758 638 1768 —-
661 1721 779 1805 aliquid
803 1741 882 1803 ogas
904 1740 1027 1800 eorum,
1050 1741 1187 1803 quorum

36 1823 200 1889 consuesti
233 1821 289 1904 (ε
317 1842 399 1904 quse
431 1842 526 1906 egere
558 1823 745 1904 consuesti).
790 1820 963 1886 Viellcicht
996 1821 1039 1885 ist
1066 1822 1186 1905 judoch

35 1927 106 1991 hier
139 1946 178 1987 zu
210 1926 383 2005 ergdnzsn:
416 1945 551 2008 quorum
584 1923 719 2009 aliquid,
752 1924 812 1987 wie
840 1923 875 1987 in
903 1923 992 1987 einer
1014 1923 1186 1987 thulichen

35 2027 137 2093 Stelle
164 2025 213 2087 bei
238 2022 383 2090 Caesar
410 2026 468 2090 dus
498 2024 559 2090 deu
583 2024 721 2090 Genetiv
749 2024 935 2110 regiereude
957 2023 1084 2089 Nomen
1114 2047 1187 2108 sup-

36 2130 115 2214 plirt
143 2125 237 2190 wird:
285 2126 312 2188 b.
336 2146 366 2211 g.
396 2129 433 2209 5,
463 2127 484 2191 2
510 2132 677 2193 sexcentus
705 2127 772 2191 eius
800 2127 944 2212 generis,
973 2127 1063 2191 cuius
1091 2148 1189 2211 supro

36 2227 343 2310 domonstravimus,
373 2249 471 2293 naves
501 2229 583 2309 (1.1.
608 2231 696 2294 cuius
725 2231 851 2314 generis
879 2230 1003 2312 naves).
1049 2228 1079 2293 b.
1104 2251 1131 2297 c.
1154 2230 1185 2312 3,

39 2336 79 2398 15
111 2351 183 2395 cum
219 2332 325 2393 esseut
356 2330 392 2393 in
425 2330 540 2415 quibus
572 2331 786 2396 demonstravi
818 2332 977 2415 angustiis
1011 2330 1093 2411 (scil.
1130 2351 1185 2394 eos

36 2433 133 2519 esse).
180 2429 277 2495 Bell.
301 2430 371 2494 Afr.
395 2431 437 2496 69
465 2432 576 2496 eudem
597 2433 737 2514 ratione,
762 2454 825 2518 qus
853 2436 929 2497 ante
951 2432 1016 2496 dixi
1040 2431 1187 2515 111111·

37 2543 108 2601 tum
137 2535 231 2617 esse).
275 2530 371 2596 Sall.
394 2531 470 2617 Jug.
497 2534 556 2597 104
588 2535 704 2620 gehbrt
735 2533 826 2599 nicht
859 2533 995 2614 hiether,
1026 2534 1098 2597 weil
1127 2554 1188 2616 quo

39 2637 171 2702 Adverb
199 2634 252 2699 ist.
296 2632 386 2698 Hor.
410 2641 467 2701 sut.
491 2636 527 2718 6,
562 2638 597 2699 14
625 2640 759 2700 notante
786 2635 904 2714 iudice,
928 2657 991 2721 quo
1013 2636 1115 2717 nosti,
1137 2657 1188 2719 po·

42 2741 129 2824 pulo.
175 2734 339 2821 Nirgends
369 2737 419 2800 bei
442 2736 564 2823 Virgil,
588 2737 673 2801 wohl
700 2737 792 2820 aber,
821 2737 887 2802 und
916 2760 1001 2802 zwur
1028 2736 1114 2803 diter
1136 2737 1187 2802 bei

40 2842 196 2906 Livius:
222 2842 248 2916 1,
271 2837 323 2918 29,
346 2840 367 2902 4
389 2840 506 2922 ruptim
529 2839 645 2924 quibus
667 2840 801 2923 quisque
824 2844 953 2924 poterut
975 2840 1079 2905 elstis.
1114 2838 1189 2904 Uud

41 2945 121 3008 eben
151 2961 187 3003 so
218 2940 301 3003 bsim
330 2940 497 3006 absolutes
525 2940 670 3005 Ablutiv:
714 2943 751 3023 4,
778 2941 834 3020 39,
864 2943 883 3005 9
912 2942 1027 3025 quibus
1059 2944 1188 3024 poterat

40 3044 157 3111 sauciis
179 3041 284 3106 ductis
306 3063 421 3107 secum.
470 3044 523 3121 10,
545 3044 602 3124 40,
627 3043 645 3106 8
668 3047 788 3124 quanto
811 3044 948 3107 maxime
970 3047 1080 3128 posset
1101 3046 1189 3106 moto

39 3148 179 3230 pulvere.
226 3143 350 3207 Auders
387 3146 431 3208 ist
464 3145 654 3225 construirt,
684 3144 765 3207 docb
794 3145 929 3229 unulog:
966 3145 1022 3222 23,
1046 3144 1088 3208 46
1117 3165 1188 3206 cum

37 3249 157 3333 quibus
184 3250 316 3308 venerut
344 3247 455 3329 copiis.
499 3245 556 3326 21,
586 3247 603 3309 ‘l
628 3267 699 3309 cum
731 3247 847 3330 quibus
884 3251 1014 3310 venerat
1043 3243 1187 3312 navibus.
1267 3249 1279 3275 '

34 3352 91 3432 25,
123 3349 167 3414 32
196 3346 304 3432 Scipio
334 3366 406 3410 cum
436 3346 552 3431 quibus
581 3351 657 3411 ante
687 3348 807 3412 dictum
837 3353 886 3411 est
914 3347 1017 3430 copiis
1045 3346 1189 3410 substitit

34 3455 75 3536 (i.
100 3472 128 3514 e.
153 3471 233 3533 quas
261 3452 336 3512 autc
364 3449 527 3533 diximus).
575 3448 616 3513 So
646 3448 728 3513 beim
752 3448 894 3514 Verbum
924 3451 1026 3514 dicere
1051 3447 1133 3512 cuch
1156 3448 1190 3511 in

37 3550 217 3637 folgenden
239 3548 376 3616 Stellen:
399 3549 532 3634 Nepos
559 3553 604 3627 15,
620 3551 650 3631 2,
675 3553 691 3613 1
716 3555 810 3615 nctus
832 3555 933 3633 putre,
957 3571 1019 3633 quo
1042 3548 1189 3627 diximus,

36 3656 188 3719 honesto.
234 3651 333 3716 Gell.
359 3655 393 3730 l,
416 3654 450 3736 3,
473 3653 512 3716 21
542 3651 577 3714 in
603 3673 641 3715 eo
665 3673 726 3735 quo
748 3652 813 3715 dixi
837 3652 928 3716 libro.
973 3653 1009 3731 2,
1033 3651 1090 3727 26,
1115 3651 1132 3713 ‘i
1156 3650 1190 3713 in

36 3757 91 3820 his
114 3754 272 3818 coloribus
295 3754 411 3836 quibus
432 3754 526 3818 modo
549 3753 658 3817 dixisti
680 3753 933 3818 denominandis.
967 3755 1015 3837 10,
1038 3754 1090 3837 23,
1112 3753 1134 3816 2
1155 3753 1189 3816 in

39 3859 81 3921 iis
109 3855 226 3940 quibus
254 3855 320 3919 dixi
349 3855 450 3923 libris.
498 3857 550 3938 11,
577 3856 650 3938 1,3
679 3855 746 3919 eius
774 3855 900 3920 numeri
929 3855 1018 3919 cuins
1041 3855 1188 3919 diximus.

46 3962 92 4038 ll,
119 3958 170 4038 18,
192 3957 234 4020 22
256 3957 291 4020 in
314 3978 351 4021 eo
374 3978 436 4041 quo
459 3978 544 4021 nunc
566 3956 642 4040 dixi,
665 3956 755 4021 libro.
790 3960 837 4041 14,
854 3958 883 4038 ’1,
910 3960 945 4020 11
969 3957 1003 4020 in
1026 3957 1108 4022 libro
1128 3979 1191 4041 quo

43 4082 138 4145 supra
170 4058 309 4122 11111-
341 4058 449 4123 Laut.
477 4081 519 4122 m.
548 4080 632 4142 pers.
661 4060 718 4137 45,
746 4060 764 4123 7
798 4058 939 4124 collectis
973 4080 1012 4122 ex
1040 4058 1189 4142 proximo

45 4162 171 4244 quantis
193 4160 300 4245 potuit
321 4160 486 4225 militibus.
531 4160 607 4245 Vgl.
631 4161 714 4223 oben
738 4159 854 4225 Livius.

128 4266 150 4344 ξ
186 4263 258 4327 479.
315 4262 376 4326 Die
414 4262 774 4346 Persouulendung
816 4261 870 4326 dss
908 4260 1110 4325 Prusdicutes
1145 4263 1190 4324 im

46 4361 260 4429 Relativsstze
296 4364 422 4428 stimmt
457 4385 562 4449 genau
598 4363 659 4427 mit
700 4364 771 4428 dem
809 4363 1110 4448 Bcziehungsworte
1146 4365 1190 4427 im

46 4461 225 4551 Hsuptsstz
246 4465 395 4530 iibereiu:
439 4464 517 4530 011.
541 4465 604 4550 leg.
627 4485 694 4550 ugr.
718 4466 754 4550 2,
777 4467 811 4550 5,
836 4466 876 4528 10
904 4485 969 4528 uon
992 4485 1061 4529 sum
1084 4468 1190 4529 sutem
