2850 5062
512 352 741 417 -565-

39 503 246 590 imperfecta
268 506 395 571 steben:
429 508 468 570 de
496 507 560 572 inv.
594 508 626 589 l,
655 507 675 570 3
704 527 774 569 cum
804 505 843 570 ad
873 507 1090 590 gubernacula
1120 509 1198 593 reip.

39 608 215 671 temerarii
248 613 343 692 atque
376 611 510 679 audaces
545 608 689 672 homines
723 612 924 672 accesserant
955 609 989 694 (i.
1013 631 1040 673 e.
1063 610 1198 694 gubern.

39 709 222 793 tenebant)
246 749 282 757 -
308 711 476 794 naufragia
512 709 683 773 faciebant.
733 709 769 792 2,
801 709 844 772 42
878 731 948 773 cum
983 711 1047 794 lex,
1082 712 1198 796 quibus

39 810 162 874 dicbus
185 811 218 873 in
243 811 437 895 legationem
459 812 722 896 proficisceretur,
745 812 987 894 praestituerat,
1016 815 1092 897 quia
1115 837 1197 877 snm·

39 918 141 997 ptum
168 917 319 997 quaestor
347 936 412 977 non
440 913 543 995 dedit,
571 913 733 997 profectus
759 934 826 977 non
855 917 913 976 est.
966 913 1055 977 Verr.
1088 916 1124 994 4,
1157 918 1196 980 13

39 1017 134 1101 quod
150 1016 285 1080 Verrem
306 1055 347 1062 —
371 1019 590 1099 cognoverant
612 1019 689 1091 tum,
713 1036 784 1078 cum
807 1015 866 1079 iste
882 1013 1032 1097 Cibyram
1054 1024 1195 1084 venerat.

39 1121 75 1197 5,
100 1119 145 1182 69
173 1139 245 1182 cum
275 1118 335 1181 iste
358 1117 458 1180 multe
485 1117 578 1201 signa
606 1116 751 1197 dederat,
774 1138 870 1200 quam
901 1117 941 1179 ob
974 1139 1040 1181 rem
1063 1140 1196 1203 respon·

41 1243 141 1284 surus
165 1243 229 1284 non
252 1219 421 1300 rideretur,
445 1219 565 1282 mentio
594 1218 631 1280 de
654 1217 726 1301 lege
755 1217 843 1281 nulla
870 1219 977 1282 fiebat.
1022 1220 1083 1303 leg.
1108 1221 1196 1286 blan.

44 1323 154 1403 7,19.
200 1322 286 1407 legg.
309 1321 339 1397 3,
362 1322 413 1401 20,
436 1320 487 1384 48.
531 1319 606 1382 farn.
630 1321 660 1390 3,
684 1320 712 1398 7,
735 1320 766 1381 5.
814 1320 879 1386 Att.
907 1323 954 1398 ll,
979 1321 1029 1402 24,
1054 1322 1083 1385 2.
1128 1323 1195 1388 Un-

44 1425 155 1488 sicher
177 1425 220 1488 ist
241 1446 272 1506 p.
296 1421 382 1487 Cael.
405 1422 456 1501 27,
486 1422 528 1485 65
550 1442 622 1485 curn
644 1421 708 1484 iam
732 1427 801 1485 erat
821 1420 948 1485 tradita.
971 1459 1013 1470 —
1036 1422 1195 1489 Caelius

45 1548 99 1610 ap.
124 1525 191 1590 (lic.
216 1526 290 1589 fam.
315 1525 352 1607 8,
376 1525 410 1606 9,
434 1523 463 1586 2.
488 1562 528 1569 —
552 1521 646 1586 Noch
674 1522 780 1585 klarer
806 1524 878 1586 tritt
906 1522 956 1586 die
979 1523 1050 1587 dem
1072 1525 1194 1611 lmper-

47 1628 113 1692 lect
137 1630 337 1711 congruente
360 1625 550 1709 Bedeutung
572 1623 699 1688 solcher
722 1624 1038 1708 plusquamperfecta
1069 1628 1194 1710 herror,

48 1751 139 1793 wcnn
186 1729 302 1793 beide
339 1728 531 1809 Tempora
574 1727 608 1790 iu
652 1726 870 1791 coordinirten
913 1727 1193 1810 Temporalsiitaen

51 1830 179 1894 stehen:
225 1830 303 1896 Cic.
333 1853 362 1913 p.
393 1827 482 1893 Sulla
510 1830 530 1893 6
559 1830 629 1892 c‘um
657 1828 734 1891 mihi
763 1828 885 1909 patriae
918 1866 950 1874 -
982 1831 1132 1895 veniebat
1160 1833 1193 1896 in

47 1935 187 1996 mentem
220 1936 252 1996 et
285 1953 355 1996 cum
385 1969 416 1978 —
442 1930 522 1994 cinis
555 1930 678 2014 patriae
709 1930 826 1993 versari
859 1935 934 1993 ante
962 1932 1071 1994 oculos
1098 1937 1193 2017 atque

45 2036 188 2098 animum
217 2035 371 2099 memoria
400 2034 551 2096 refricare
580 2035 739 2115 coeperat,
763 2036 832 2095 tum
855 2031 990 2115 denique
1013 2034 1042 2097 ei
1065 2037 1192 2101 resiste-

45 2138 128 2201 bam.
177 2136 335 2200 Aehnlich
363 2136 406 2198 ist
434 2135 543 2218 parad.
579 2135 616 2213 4,
640 2135 681 2197 27
710 2156 776 2198 non
805 2135 903 2218 igitur
937 2139 1005 2198 erat
1038 2135 1094 2200 illa
1124 2142 1192 2203 tum

43 2240 170 2321 civitas,
195 2261 266 2302 cum
288 2238 377 2322 leges
400 2238 433 2300 in
457 2258 494 2300 ea
516 2235 597 2299 nihil
613 2236 774 2316 valebant,
799 2259 869 2300 cum
894 2236 1009 2299 iudicia
1030 2238 1189 2323 iacebant,

43 2363 115 2405 cum
125 2363 196 2405 mos
205 2340 326 2424 patrius
339 2340 633 2417 occiderat,cum—
642 2342 773 2402 senatus
787 2360 903 2402 nornen
915 2338 948 2400 in
961 2359 1099 2421 repnon
1113 2346 1190 2405 erat.
1225 2356 1232 2367 ‘

130 2441 221 2506 Weit
247 2442 385 2506 seltener
412 2441 454 2504 ist
481 2440 537 2503 das
560 2438 870 2523 plusquamperfect,
893 2461 987 2503 wcnn
1009 2440 1060 2504 die
1083 2442 1191 2507 Hand·

41 2545 124 2629 lung
146 2544 179 2607 in
204 2543 333 2627 Haupt·
355 2542 420 2606 und
444 2541 627 2607 Nebensatz
650 2540 853 2606 identisch
875 2542 935 2623 ist,
957 2541 1064 2606 indem
1088 2544 1191 2609 dieser

39 2649 138 2732 jenen
163 2646 367 2710 erlbutert.
402 2646 495 2732 Danu
519 2645 608 2728 giebt
631 2641 806 2707 Hoffmann
830 2643 860 2706 S.
886 2643 947 2707 105
968 2664 1024 2707 aus
1048 2645 1189 2712 Cicero

41 2772 104 2813 nur
127 2749 195 2811 drei
217 2746 354 2813 Stellen:
400 2770 429 2831 p.
454 2747 521 2810 Mil.
544 2746 587 2809 22
608 2748 752 2830 proxime
783 2746 859 2809 deos
890 2746 1024 2809 accessit
1046 2746 1186 2830 Clodius,

41 2851 175 2935 propius
198 2872 292 2933 quam
316 2854 395 2934 tum,
420 2871 491 2914 cum
515 2849 553 2912 ad
577 2849 663 2932 ipsos
685 2850 879 2931 penetrarat.
911 2869 942 2929 p.
968 2845 1047 2912 Sest.
1067 2851 1105 2914 16
1120 2856 1188 2916 tum

40 2958 222 3036 spectarat,
253 2974 324 3016 curn
348 2991 389 3001 -
417 2953 522 3015 iurare
550 2951 708 3014 noluerat.
755 2950 822 3011 Att.
845 2950 881 3028 3,
909 2949 960 3029 18,
986 2952 999 3012 1
1026 2959 1187 3034 exspecta-

39 3056 166 3118 tionem
201 3054 295 3118 nobis
332 3075 396 3117 non
434 3075 565 3136 parvam
602 3050 769 3132 attuleras,
808 3071 878 3113 cum
921 3050 1094 3133 scripseras
1131 3059 1186 3118 ctt.

40 3156 234 3220 Ausserdem
258 3178 283 3219 s.
307 3160 407 3219 uriten
431 3154 574 3220 Livius.

127 3257 272 3323 Caesar
295 3257 351 3322 hat
373 3279 443 3322 cum
465 3257 524 3319 mit
546 3255 617 3319 dem
642 3255 741 3319 lndic.
765 3253 820 3316 des
841 3252 949 3336 Plusq.
973 3275 1034 3318 nur
1066 3259 1078 3318 l
1105 3256 1186 3323 Mal:

39 3361 70 3424 b.
101 3383 132 3445 g.
164 3362 192 3439 7,
220 3361 262 3423 35
290 3380 361 3423 cum
390 3360 452 3423 iam
484 3380 521 3422 ex
551 3358 613 3420 diei
642 3360 785 3440 ternpore
813 3355 1030 3420 coniecturam
1059 3365 1187 3442 ceperat

39 3465 72 3526 in
104 3464 209 3525 castra
230 3464 432 3544 perventum,
458 3500 499 3507 -
530 3463 661 3543 pontem
692 3460 821 3522 reficere
850 3456 965 3539 coepit.
1019 3457 1073 3522 Bei
1097 3458 1184 3524 Sal-

39 3565 123 3627 lust
151 3584 213 3626 nur
234 3566 255 3626 2
277 3562 342 3626 Mal
371 3585 426 3626 zur
455 3561 683 3646 Bezeichnung
710 3561 798 3624 einer
824 3557 1053 3623 wiederholten
1076 3561 1184 3626 Hand·

39 3666 135 3750 lung,
161 3686 186 3727 a.
209 3668 318 3728 unten.
363 3663 499 3748 Virgil
521 3685 583 3727 nur
606 3664 688 3727 Aen.
712 3665 747 3743 5,
770 3661 813 3726 42
836 3663 963 3743 postera
985 3683 1055 3725 cum
1079 3663 1183 3746 primo

39 3766 151 3830 stellas
181 3765 311 3829 Oriente
342 3767 470 3850 fugarat
502 3766 588 3830 clara
622 3765 704 3847 dies,
738 3767 840 3829 socios
863 3803 904 3812 -
927 3763 1069 3828 advocat.
1116 3769 1183 3830 Ans

39 3868 180 3931 Livius
204 3868 331 3930 werden
354 3868 398 3930 im
415 3866 545 3931 Ganzen
568 3865 724 3931 tiStellen
746 3865 1003 3950 uachgewiesen,
1027 3868 1184 3932 zunaohst

39 3970 115 4043 drai,
140 3991 189 4031 wo
212 3969 267 4033 der
289 3968 398 4033 Inhalt
421 3971 476 4032 der
501 3968 676 4052 Handlung
699 3968 741 4031 im
764 3968 887 4052 Haupt·
909 3969 976 4032 und
998 3968 1182 4033 Nebensatz

38 4070 243 4134 identisch
266 4070 322 4134 ist:
344 4072 374 4147 5,
397 4072 450 4152 28,
476 4073 493 4134 1
516 4070 670 4136 Camillus
693 4071 823 4134 meliore
847 4071 947 4134 multo
971 4071 1064 4134 lande
1087 4092 1180 4154 quam

39 4194 110 4236 cum
139 4172 390 4254 triumphantem
420 4171 483 4235 albi
518 4194 575 4256 per
607 4173 716 4236 urbem
745 4178 900 4235 vexerant
928 4172 1013 4255 eqni,
1040 4211 1080 4218 —
1110 4192 1181 4235 cum

39 4275 73 4337 in
95 4273 206 4336 urbem
230 4273 371 4337 redisset.
407 4273 457 4349 27,
480 4274 531 4349 44,
558 4275 586 4336 1.
616 4274 668 4355 44,
693 4275 741 4352 10,
767 4277 794 4338 l.
822 4273 951 4338 Sodann
974 4295 1036 4337 von
1060 4274 1180 4358 gleich-

39 4375 135 4459 zeitig
163 4374 345 4438 dauernden
371 4373 571 4439 Zustiinden:
615 4377 671 4455 26,
694 4376 751 4460 40,
776 4376 814 4438 ll
846 4397 918 4439 cum
940 4376 974 4438 in
997 4374 1179 4439 civitatibus

39 4477 103 4540 suis
136 4497 173 4539 ac
203 4475 262 4539 sub
291 4476 416 4560 legibus
445 4476 590 4539 vixerant
618 4514 654 4523 -
686 4500 743 4559 per
770 4477 941 4543 latrocinia
970 4498 1007 4541 ac
1035 4477 1178 4559 rapinam
