2850 5062
530 115 763 178 -511-

59 264 125 330 der
151 264 220 329 sich
243 265 327 330 auch
355 265 398 328 im
421 265 651 331 Griechisehen
680 267 745 331 und
768 265 1003 331 Altdeutschen
1035 266 1150 344 findet,
1173 268 1231 349 ist¹

57 368 229 432 ebenfalls
263 366 364 432 sehon
400 369 461 431 seit
490 367 624 432 Plautus
653 367 846 439 beobachtet
881 367 1022 433 worden.
1071 366 1153 432 Dass
1182 389 1217 431 er

58 468 165 533 nicht
196 468 408 553 nothwendig
440 470 495 547 ist,
526 471 613 553 seigt
644 469 700 537 Nr.
732 472 745 532 1
782 469 826 533 im
856 469 999 554 Aufeng.
1049 469 1102 534 Pl.
1130 473 1215 552 capt.

58 571 132 635 552
163 571 278 655 quibus
305 608 348 619 —
375 571 472 635 saluti
501 571 563 634 fuit
593 576 688 655 utque
717 573 745 635 is
774 570 905 655 profuit.
950 570 1033 638 Ter.
1062 572 1123 635 Ad.
1154 571 1216 635 306

59 694 166 756 quern
190 711 229 718 —
252 694 356 758 neque
377 672 476 736 illum.
522 671 599 737 Cic.
627 672 708 737 Phil.
742 676 772 749 1,
810 674 865 754 10,
898 672 940 736 24
974 694 1028 736 eas
1061 672 1148 758 leges
1174 709 1217 719 -

61 775 187 858 quibus
210 773 283 839 latis
305 774 503 859 gloriabatur
523 775 631 859 eisque
659 774 785 858 legibus
812 794 911 856 remp.
936 775 1094 838 contineri
1124 778 1216 858 puta·

60 876 139 939 bat.
182 874 277 941 Tusa.
306 878 342 952 5,
371 876 408 957 3,
437 876 457 939 8
489 897 583 960 quem
612 912 654 923 -
680 876 790 940 ferunt
823 875 946 939 venisse
978 897 1114 958 eumque
1145 897 1216 940 curn

60 977 191 1042 Leonte
213 977 407 1041 disseruisse.
452 978 482 1059 6,
508 979 544 1041 17
567 976 680 1061 quodsi
703 977 827 1060 estqui
851 1015 890 1024 -
912 977 1060 1061 idemque
1081 977 1118 1041 si.
1166 979 1215 1060 13,

60 1077 109 1143 28
134 1080 218 1163 quod
242 1117 281 1127 -
305 1079 424 1142 retinet
452 1100 511 1143 neo
539 1077 676 1142 discedit
703 1077 744 1141 ab
766 1101 815 1143 eo.
859 1078 949 1143 Brut.
973 1082 993 1160 ἕ
1021 1079 1217 1145 2581111111

62 1180 189 1264 —qui
217 1201 276 1244 nec
307 1184 397 1245 extra
423 1180 535 1244 urbem
563 1180 648 1244 hanc
674 1180 822 1245 vixerant
850 1200 911 1245 nec
938 1201 992 1245 eos
1015 1181 1123 1265 aliqua
1147 1182 1217 1245 bar-

65 1281 177 1345 baries
209 1279 385 1346 domestica
411 1281 638 1346 infuscaverat.
683 1285 764 1346 orat.
793 1283 828 1364 2,
857 1282 877 1347 9
905 1283 1027 1365 speeies
1050 1320 1092 1331 —
1119 1304 1215 1367 quarn

64 1384 200 1447 intuens
222 1384 256 1446 in
278 1405 377 1468 eaque
400 1383 529 1448 defixus.
560 1383 648 1448 acad.
665 1386 692 1464 1,
710 1384 739 1463 1,
760 1384 802 1448 29
824 1405 919 1467 quam
941 1384 1218 1449 vim—eandem·

65 1506 140 1568 que.
186 1485 243 1549 fin.
267 1485 297 1562 2,
320 1485 351 1567 2,
374 1486 395 1550 5
417 1507 482 1569 quo
504 1490 558 1567 (a
580 1484 620 1548 sd
642 1484 874 1573 quod)yomnia
895 1486 1093 1551 referrentur
1113 1507 1217 1570 neque

65 1586 100 1649 id
124 1587 228 1669 ipsum
251 1607 384 1669 usquam
413 1587 587 1651 referretur
615 1585 738 1669 (‚‚chne
765 1586 839 1650 dass
862 1608 896 1650 es
918 1587 1063 1672 selbst“).
1107 1588 1213 1665 ο11.2,

64 1688 98 1770 3,
126 1688 163 1751 12
185 1709 267 1771 quae
290 1709 350 1751 nec
371 1686 560 1753 haberemus
585 1727 622 1736 -
645 1709 705 1753 nec
727 1687 777 1751 his
799 1689 869 1751 sine
891 1687 1056 1753 hominum
1080 1689 1215 1753 admini-

64 1789 225 1853 stratione
254 1794 424 1854 uteremur.
469 1791 498 1868 2,
521 1792 551 1867 5,
578 1791 616 1854 18
638 1811 774 1874 quorum
796 1790 973 1854 11111111-
996 1811 1055 1874 per
1076 1792 1215 1856 eosdem·

64 1912 140 1974 que.
187 1894 236 1973 11,
257 1892 300 1955 40
324 1912 420 1976 quem
441 1891 768 1974 -ferocitatemque
797 1891 874 1959 eius.
920 1894 989 1961 Att.
1024 1893 1077 1974 10,
1111 1892 1163 1971 16,
1193 1894 1214 1957 3

64 1993 122 2076 qui
145 1991 288 2057 Siciliam
311 1997 420 2057 tenere
442 1992 531 2056 nullo
547 1994 680 2077 negotio
695 1994 801 2077 potuit
815 1998 857 2075 11,
873 1994 901 2057 si
915 1994 1080 2075 tenuisset,
1101 2015 1212 2058 omnes

62 2094 144 2158 boni
166 2093 205 2157 ad
228 2116 301 2158 eum
324 2116 358 2159 se
380 2095 604 2160 contulissent.
647 2096 736 2159 Aber
756 2093 855 2159 dahin
877 2095 992 2178 gehort
1013 2094 1122 2160 nicht:
1159 2097 1214 2160 fin.

60 2196 96 2277 5,
121 2196 146 2276 1,
172 2196 193 2260 3
215 2217 310 2279 quem
333 2197 394 2262 scis
416 2218 511 2281 quam
534 2196 672 2260 admirer
695 2218 852 2281 quamque
867 2218 904 2260 eo
920 2188 1067 2261 delecter.
1097 2195 1213 2260 Hierin

62 2295 140 2360 sind
163 2298 241 2361 zwei
263 2298 417 2362 indirecte
439 2297 630 2383 Fragesdtze
652 2297 836 2362 coordinirt.

150 2397 247 2463 Fehlt
268 2400 320 2464 bei
342 2399 461 2465 Caesar
482 2400 547 2464 und
569 2398 700 2465 Sallust.

151 2500 288 2564 Livius
312 2501 369 2564 hat
389 2523 452 2565 nur
473 2501 526 2565 ein
548 2523 626 2585 paar
647 2499 786 2567 Stellen:
808 2502 859 2583 23,
874 2501 905 2585 8,
926 2503 947 2567 3
972 2501 1096 2566 aDecii
1114 2501 1213 2588 Magii

59 2606 182 2685 latere,
212 2623 284 2667 cum
313 2624 376 2687 quo
400 2640 440 2652 -
466 2602 617 2667 adversus
651 2602 808 2668 Punicum
840 2602 953 2668 foedus
988 2607 1122 2669 steterat
1154 2625 1214 2668 nec

62 2725 136 2768 eum
160 2742 201 2751 -
225 2704 329 2787 patria
351 2705 502 2769 maiestas
524 2705 687 2769 sententia
715 2704 890 2787 depulerat.
935 2706 1022 2769 Aber
1043 2705 1113 2770 hier
1133 2727 1213 2770 wer·

63 2805 128 2869 den
151 2806 251 2869 durch
274 2804 325 2869 die
349 2805 545 2870 Pronomina
572 2804 798 2870 verschiedene
820 2806 982 2871 Personcn
1013 2806 1210 2889 bezeichnet,

63 2928 131 2970 was
162 2907 208 2971 im
238 2907 369 2971 Grunde
398 2907 491 2971 nicht
519 2906 674 2972 auffallen
703 2906 800 2972 kann.
854 2908 946 2971 Auch
975 2910 1010 2971 in
1045 2907 1213 2991 folgender
1346 2998 1348 3001 Ι

62 3007 164 3072 Stelle
196 3009 239 3072 ist
276 3009 382 3093 wenig
416 3008 749 3073 Bemorlsenswerthes
787 3010 844 3092 23,
880 3009 938 3090 36,
974 3009 1012 3071 10
1044 3008 1212 3093 prodigiis,

63 3132 146 3193 quae
175 3110 237 3174 alia
266 3131 362 3194 super
391 3110 455 3174 alia
480 3111 730 3193 nuntiabantur,
755 3110 960 3195 expiantique
987 3130 1025 3173 11
1051 3108 1136 3173 haud
1164 3110 1212 3173 fa-

63 3211 126 3275 cile
147 3211 234 3275 litari
257 3212 443 3296 haruspices
466 3211 711 3295 respondebant.
757 3210 1038 3275 Wahrscheinlich
1067 3211 1213 3276 erachien

63 3312 151 3376 diese
173 3311 302 3378 lockere
325 3313 554 3399 Anlmilpfung
576 3312 778 3398 geschichter
807 3313 870 3377 als:
901 3317 933 3377 11
955 3315 1037 3396 qbae
1059 3313 1213 3396 expianti.

64 3414 229 3479 Aehnlich
259 3415 332 3479 siud
365 3415 442 3478 zwei
472 3414 603 3498 Stellen,
631 3415 682 3479 die
716 3436 792 3478 man
827 3413 954 3478 hierher
983 3434 1128 3499 geaogen
1156 3414 1214 3478 hat

62 3515 131 3580 und
153 3517 188 3580 in
211 3515 316 3582 denen
345 3537 404 3600 gar
431 3516 507 3580 kein
529 3515 769 3580 Demonstrativ
794 3515 895 3600 folgt:
942 3517 975 3597 1,
998 3516 1054 3593 31,
1078 3517 1098 3581 3
1121 3537 1212 3580 sacra

62 3656 102 3665 —
129 3638 210 3702 quae
231 3617 386 3682 oblivioni
408 3617 571 3698 dederant,
596 3623 628 3681 et
650 3625 706 3682 sut
720 3616 867 3682 Romana
891 3637 984 3681 sacra
1007 3622 1214 3702 susceperant

61 3722 121 3784 aut
142 3723 197 3784 ott.
241 3719 318 3784 Men
340 3718 427 3783 kann
451 3718 545 3784 nicht
568 3718 761 3802 behaupten,
783 3719 856 3783 dass
878 3717 948 3781 hier
970 3719 1083 3784 stehen
1105 3719 1212 3784 sollte:

62 3826 99 3886 et
120 3842 180 3904 pro
201 3820 333 3905 quibos3
357 3821 513 3884 vielmehr
534 3820 612 3885 wird
629 3821 681 3885 ein
698 3841 796 3885 neuer
810 3817 994 3902 Hauptsatn
1015 3819 1213 3905 angehiangt.

59 3920 168 3988 Nicht
195 3923 266 3987 klar
299 3921 515 3987 verst‘dndlieh
546 3923 589 3986 ist
618 3922 674 4003 21,
701 3922 759 4001 46,
793 3921 832 3985 10
866 3920 973 3984 malim
1008 3922 1153 4006 equidem
1176 3923 1214 3987 de

61 4022 131 4088 filio
154 4045 266 4088 verum
289 4044 374 4105 esse,
407 4022 490 4107 quod
518 4028 550 4088 11
571 4023 678 4107 plures
700 4022 859 4087 tradidere
881 4023 1054 4106 scriptores
1075 4028 1108 4086 11
1130 4023 1215 4088 lama

63 4124 218 4192 obtinuit.
256 4124 331 4189 Man
355 4125 448 4188 weiss
470 4123 570 4208 nicht,
592 4125 633 4189 ob
654 4124 724 4188 hier
746 4126 830 4206 quod
851 4124 906 4188 das
927 4123 1056 4188 Relatis
1077 4126 1119 4189 ist
1141 4127 1218 4190 oder

56 4228 113 4292 die
136 4226 403 4309 Oausalpartilsel.
453 4225 527 4291 Und
548 4248 608 4310 gar
629 4225 721 4290 nicht
742 4226 870 4291 hierher
892 4224 1022 4311 gehdrt:
1046 4228 1076 4306 ’1,
1101 4229 1149 4307 12,
1177 4234 1209 4291 11
