3024 5070
556 323 782 388 -681-

524 526 580 593 011.
621 525 812 594 Finelsiitzo.

184 678 204 756 §
226 675 298 738 539.
329 673 404 738 Von
427 673 488 736 den
505 672 709 737 Fiuelsiitzcn
732 671 859 737 acheide
882 674 933 738 ioh
957 675 1019 739 alle
1035 675 1239 740 substantiv-

98 779 184 840 siitze
206 777 266 840 mit
287 782 324 840 ut
343 774 409 839 und
431 796 471 839 ae
492 796 558 857 aus,
582 775 633 838 die
655 775 690 839 in
713 779 755 856 ἐξ
769 774 937 839 384-411
960 775 1135 841 behandelt
1156 778 1238 842 sind.

99 876 171 941 Nur
193 879 244 942 die
267 878 328 941 den
350 876 465 940 beiden
491 874 693 941 Satzformen
714 876 952 960 gemeinsamen
970 877 1135 942 Paitikeln
1155 901 1238 961 neve,

97 1000 284 1060 oceanoque
305 978 369 1042 und
393 984 422 1042 et
441 999 481 1042 ae
503 977 602 1041 sollen
625 976 695 1042 hier
710 978 767 1041 der
782 976 1105 1043 Uebersichtlichkeit
1126 1003 1238 1066 wegen

100 1102 284 1145 zusammen
308 1079 503 1163 besproohcn
527 1079 663 1142 werden.
709 1078 773 1143 Der
796 1079 901 1164 einzig
923 1080 1082 1164 mogliche
1105 1081 1240 1146 Modus

99 1182 154 1246 des
170 1181 382 1246 lateinischen
398 1180 606 1263 Finalsataes,
625 1181 684 1244 wie
700 1181 754 1245 des
769 1179 985 1266 Folgesatzes,
1000 1184 1044 1246 ist
1065 1182 1120 1246 der
1136 1182 1240 1248 Con·

94 1284 270 1366 junctiv,
296 1304 452 1368 wogegen
475 1281 530 1345 das
546 1281 751 1346 Griechisohe
773 1282 846 1347 eine
867 1304 978 1368 grosse
994 1283 1240 1370 Mannigfaltig·
1359 1273 1361 1276 Α

98 1385 166 1448 keit
187 1386 222 1449 in
245 1385 307 1449 den
330 1383 530 1449 Satzformen
553 1383 810 1468 herausgebildet
830 1383 898 1450 hut.

183 1490 203 1565 ξ
225 1487 298 1554 540.
344 1485 403 1549 Die
424 1484 679 1571 gewohnlichste
701 1487 765 1549 und
789 1487 911 1551 dberall
933 1486 1165 1574 gleichmiassig
1186 1510 1240 1574 ge·

101 1589 255 1652 breuchte
280 1587 509 1671 Finalpartikel
533 1586 576 1650 ist
596 1592 640 1651 at.

186 1692 212 1754 1.
246 1688 284 1753 In
306 1689 363 1754 der
386 1688 485 1773 Rege}
509 1688 690 1771 entspricht
711 1689 762 1752 ihr
784 1690 875 1753 kein
900 1690 1243 1755 demonstrativos

101 1791 307 1855 Ausdruck
335 1791 377 1855 im
407 1789 619 1873 Hauptsatze3
648 1811 683 1853 so
712 1789 812 1854 schon
843 1791 876 1854 in
906 1791 962 1855 der
990 1787 1125 1856 iiltesten
1155 1792 1241 1858 Zeit:

99 1892 273 1957 Naevius
296 1915 347 1976 ap.
371 1893 495 1960 Charis.
522 1894 537 1955 1
561 1914 592 1974 p.
611 1892 671 1956 178
694 1891 747 1955 diu
771 1894 858 1956 vivat
881 1894 963 1971 volo,
988 1898 1025 1957 ut
1046 1895 1125 1958 mihi
1148 1895 1241 1979 prod·

100 2017 168 2058 esse
196 1994 307 2077 possit.
352 1992 448 2059 Cato
481 2016 506 2057 r.
536 1994 603 2057 r.3
638 1994 809 2058 torcularia
837 1995 923 2058 bona
954 1996 1073 2060 habere
1104 2000 1241 2080 oportet,

100 2101 136 2160 ut
157 2118 236 2180 opus
260 2096 341 2159 bene
363 2095 446 2159 effici
470 2095 579 2178 possit.
620 2095 744 2162 Plaut.
770 2095 944 2160 Μ111.298
967 2098 1064 2160 immo
1087 2102 1123 2160 ut
1145 2100 1238 2179 scies,

100 2198 200 2262 oculis
223 2199 319 2261 etiam
343 2197 415 2279 plus
437 2197 500 2259 iam
528 2196 619 2261 video
641 2219 737 2281 quam
760 2198 858 2280 prius.
904 2198 999 2263 Poen.
1021 2200 1057 2275 5,
1081 2199 1114 2277 2,
1137 2200 1179 2262 69
1208 2203 1243 2263 at

100 2300 258 2382 mucias,
291 2320 378 2362 nunc
407 2298 522 2361 dehinc
550 2298 665 2363 Latine
693 2301 756 2363 iam
790 2300 909 2383 loquar.
953 2300 1037 2364 Ter.
1074 2300 1172 2364 Andr.
1197 2300 1239 2363 29

100 2402 208 2484 paucis
230 2405 262 2464 te
285 2401 367 2464 volo.
385 2402 396 2484 u
413 2399 542 2465 Dictum
565 2405 656 2484 puta:
680 2422 795 2484 nempe
818 2405 854 2463 ut
876 2408 1027 2464 curentur
1048 2406 1134 2465 recte
1150 2401 1241 2465 haec.

100 2504 163 2566 514
185 2503 314 2566 missast
331 2542 366 2549 —
384 2504 421 2564 ut
443 2501 578 2566 afferret.
619 2506 685 2566 Ans
702 2501 843 2566 Cicero
866 2500 1015 2566 erwihue
1037 2501 1089 2566 ich
1112 2524 1173 2566 nur
1190 2503 1242 2568 die

100 2603 376 2667 Parenthesen
408 2604 468 2667 mit
496 2604 608 2667 finaler
641 2602 844 2688 Bedentung:
875 2603 960 2667 Lael.
986 2605 1016 2682 9,
1039 2604 1081 2667 29
1109 2606 1241 2669 minime

98 2727 298 2789 generosum,
322 2709 357 2769 ut
379 2707 425 2769 ita
448 2707 563 2784 dicam,
588 2708 693 2768 ortum
716 2705 886 2769 amicitiae.
925 2704 1015 2769 Eben
1034 2727 1069 2768 so
1093 2707 1241 2790 gestellt:

101 2809 216 2885 1155.
242 2806 290 2890 19,
306 2808 356 2870 69.
379 2806 488 2890 parad.
514 2809 542 2884 l,
561 2808 609 2869 14.
655 2806 815 2870 Aehnlich
837 2807 894 2869 ist:
917 2807 992 2873 fam.
1014 2808 1043 2885 2,
1060 2807 1090 2889 6,
1113 2809 1134 2870 4
1157 2809 1240 2872 laudi

100 2910 159 2992 vei,
183 2913 219 2972 ut
242 2908 345 2972 verius
368 2908 485 2985 dicam,
508 2929 607 2991 prope
629 2908 734 3002 saluti.
780 2908 879 2971 11112
912 2911 933 2989 ξ
959 2909 1018 2971 104
1050 2909 1105 2972 sed
1136 2914 1171 2972 ut
1200 2910 1238 2971 ad

100 3011 296 3096 propositum
319 3015 515 3074 revertamur
537 3013 591 3073 ott.
629 3009 681 3072 off.
707 3012 720 3070 1
748 3011 768 3088 6
793 3008 862 3072 103.
907 3008 980 3073 Und
1003 3008 1095 3073 'often

185 3115 216 3177 2.
253 3112 315 3175 Mit
337 3112 693 3175 demonstrativam
717 3109 885 3172 Ansdruck
907 3111 951 3173 im
976 3108 1166 3194 Hauptsatu.

184 3221 214 3294 a)
237 3213 298 3277 Mit
318 3234 415 3278 causa
437 3213 503 3277 und
524 3233 590 3278 res:
612 3212 706 3276 Eun.
732 3211 864 3274 Euhcm.
887 3211 963 3275 fr.3
986 3213 1052 3276 eius
1075 3213 1121 3276 rei
1144 3233 1242 3276 causa

101 3321 145 3380 ut.
176 3316 306 3380 Plaut.
330 3314 428 3380 Stich.
446 3315 508 3377 312
531 3336 568 3378 ea
591 3334 686 3377 causa
708 3315 744 3377 nt
766 3313 922 3376 haberent
944 3311 1061 3376 malum
1079 3334 1241 3398 magnum.

100 3418 177 3483 011.
201 3418 276 3484 fam.
301 3419 328 3500 1,
345 3418 412 3498 8,4
438 3415 515 3479 haec
538 3415 576 3480 ad
600 3420 632 3478 te
655 3415 695 3478 ob
719 3436 789 3478 eam
812 3436 941 3478 causam
964 3415 1101 3479 maxime
1124 3416 1240 3495 scribo,

102 3524 194 3583 11-
216 3519 378 3583 meditere.
419 3519 473 3593 13,
502 3518 543 3581 47
581 3520 617 3580 nt
638 3518 735 3581 scires
765 3554 803 3564 -
831 3517 872 3580 ob
900 3538 971 3580 eam
1000 3538 1137 3580 causam.
1192 3517 1241 3601 14,

101 3623 180 3702 3,4
207 3643 244 3685 ea
271 3642 305 3683 re
333 3620 371 3683 ad
400 3623 432 3683 te
458 3619 548 3703 misi,
579 3623 615 3682 ut
644 3658 679 3667 -
707 3640 816 3703 posses
844 3618 989 3685 scribere.
1027 3616 1173 3682 Brutus
1200 3620 1243 3684 ib.

7 3752 12 3761 ·
104 3725 153 3804 11,
175 3722 203 3798 a,
226 3723 255 3786 a.

187 3824 220 3906 b)
245 3823 305 3887 Mit
326 3844 360 3887 eo
381 3821 472 3887 nicht
493 3822 610 3887 selten:
640 3820 717 3887 011.
741 3821 832 3887 Verr.
855 3821 896 3902 ΙΙ,
924 3826 950 3907 l,
975 3824 1014 3887 10
1036 3845 1073 3888 eo
1096 3846 1243 3889 nummos

102 3927 193 4008 sumi,
217 3928 252 3988 ut
275 3924 367 3988 Verri
390 3924 550 3989 darentur.
594 3924 669 3989 fam.
696 3925 743 4003 16,
770 3926 798 4007 1,
824 3926 838 3987 1
863 3923 1041 3990 Marionem
1071 3926 1111 3989 ad
1140 3930 1172 3989 te
1204 3949 1242 3990 eo

102 4028 184 4110 misi,
208 4030 243 4090 ut
264 4031 368 4090 tecum
394 4064 430 4073 -
456 4025 588 4090 veniret.
634 4029 701 4090 Att.
726 4027 756 4108 3,
780 4027 830 4108 10,
854 4027 874 4089 3
896 4026 976 4091 haec
998 4049 1035 4090 co
1058 4028 1182 4109 scripsi,
1206 4032 1244 4090 ut

102 4129 261 4192 relevares
283 4149 344 4191 me.
390 4127 497 4192 ans.
521 4128 551 4192 b.
575 4149 607 4212 g.
630 4129 661 4210 4,
677 4128 708 4193 2.
753 4126 845 4193 sall.
867 4127 943 4211 Jug.
967 4128 1090 4208 24,10.

191 4232 222 4314 1)
246 4229 307 4293 Mit
328 4231 444 4294 idcirco
466 4229 565 4293 sehon
588 4229 715 4294 Plaut.
738 4228 851 4293 Pseud.
867 4229 931 4292 663
952 4250 1002 4292 me
1025 4228 1143 4292 idcirco
1165 4229 1245 4295 haec

102 4334 195 4394 tanta
211 4330 354 4394 facinora
372 4333 420 4394 his
435 4331 632 4413 promittere,
648 4352 709 4413 qao
726 4333 781 4414 (ε
791 4335 827 4394 ut
841 4332 894 4414 eo)
914 4352 970 4393 vos
982 4330 1148 4397 oblectem.
1166 4330 1242 4400 011.

105 4431 194 4495 Verr.
217 4433 247 4510 4,
269 4437 299 4511 4,
323 4432 764 4516 711111111111111111111111
793 4432 919 4516 attigit,
948 4436 984 4495 ut
1011 4431 1064 4495 hic
1091 4432 1242 4497 tolleret?
