2850 5062
516 339 745 402 -475-ἃ

48 494 214 578 Ιιῖιιιςευά
238 481 305 556 von
324 495 522 575 perdiccae).
570 491 729 554 Darunter
758 489 904 553 befinden
929 489 996 553 sich
1020 489 1097 552 abor
1117 488 1206 551 ineh-

52 619 128 660 rere
152 596 417 674 Indicativsfatae,
445 594 496 658 dic
524 593 614 657 nicht
643 592 759 656 cinmal
782 590 966 655 relativisch
990 589 1206 670 aufzufassen,

53 699 200 762 sondern
230 697 373 761 offenbar
402 718 462 760 nur
490 696 536 759 als
569 694 758 759 metrischer
779 691 980 758 Nothbehelf
1000 714 1038 755 zu
1061 692 1206 756 betrach-

54 805 115 864 ten
139 799 221 863 sind.

148 900 313 965 Geandert
334 899 377 963 ist
394 901 476 983 jctzt
497 897 578 962 niv.
601 899 653 980 31,
676 898 704 975 7,
728 898 747 962 8
770 897 910 973 (frtihert
944 897 1027 978 dico,
1051 900 1205 981 quantum

58 1003 231 1087 praestat).
270 1000 350 1066 Schr
371 1000 546 1065 auffallend
570 999 634 1064 und
648 999 817 1063 ¹entiveder
831 999 935 1063 falech
958 998 1034 1062 oder
1050 999 1107 1062 auf
1120 999 1209 1062 einer

59 1103 337 1187 Verwechsclung
358 1104 416 1167 mit
430 1104 490 1166 den
509 1101 747 1167 conditionalen
764 1100 878 1166 Sfitcen
901 1099 1080 1164 beruhend:
1103 1101 1155 1182 34,
1177 1102 1207 1182 3,

60 1209 82 1270 5
106 1206 198 1269 nulla
226 1204 276 1269 lex
303 1206 380 1268 satis
404 1203 569 1270 commoda
591 1203 740 1267 omnibus
763 1208 826 1286 est,
858 1203 891 1266 id
913 1202 1007 1266 modo
1031 1203 1206 1284 quaeritur,

63 1311 93 1372 si
114 1307 233 1370 maiori
260 1306 344 1390 parti
371 1310 404 1370 ct
432 1308 464 1370 in
494 1327 650 1370 summanr
672 1306 809 1388 prodest.
854 1303 1013 1388 Corrigirt
1040 1304 1084 1367 ist
1111 1303 1208 1386 lange

62 1410 164 1473 echon
198 1413 280 1473 trotz
312 1407 367 1471 der
398 1410 509 1472 beaten
545 1406 811 1471 Handschriften:
845 1407 901 1487 22,
931 1407 987 1485 36,
1022 1408 1032 1469 1
1071 1409 1209 1488 quantae

64 1516 172 1576 autem
204 1510 316 1594 copiae
349 1509 475 1573 additae
503 1513 580 1573 sunt
609 1509 719 1592 (jetztz
753 1508 833 1588 sint)
863 1507 942 1571 adeo
971 1512 1001 1571 et
1024 1527 1156 1570 numero
1178 1511 1211 1570 et

67 1634 186 1696 genere
216 1613 378 1694 copiarum
404 1611 530 1675 variant
556 1615 717 1690 auctores,
739 1615 775 1672 ut
796 1615 851 1673 ctt.
896 1608 996 1674 Sonat
1017 1608 1117 1672 findet
1140 1607 1209 1671 sich

65 1714 116 1777 bei
138 1713 250 1776 Livius
273 1713 366 1777 keinc
388 1711 473 1796 Spur
494 1713 549 1776 des
572 1712 746 1776 Indicativs
768 1712 802 1775 in
825 1710 996 1775 indirecter
1018 1709 1129 1793 Frage.

152 1813 276 1878 Frr’iher
299 1815 346 1878 las
368 1836 441 1878 man
464 1814 527 1878 den
550 1812 708 1879 Indioativ
730 1813 781 1877 bei
806 1811 877 1878 val.
900 1811 985 1878 Max.
1016 1814 1046 1895 4,
1068 1813 1088 1876 3
1111 1812 1210 1896 praef.

64 1921 97 2007 5,
123 1918 153 1998 7,
178 1920 241 1983 ext.
274 1919 300 1981 l.
323 1917 353 1994 8,
379 1919 393 1979 1
424 1917 486 1999 prf.
509 1916 538 1992 8,
566 1919 599 1978 11
626 1915 688 1998 prf.
736 1916 787 1977 An
819 1913 903 1978 allen
932 1914 998 1978 vier
1020 1913 1141 1978 Stellen
1171 1913 1214 1977 iet

59 2021 143 2103 jetzt
165 2018 221 2082 der
238 2017 428 2100 Conjunctiv
451 2016 648 2102 hergestellt

150 2118 283 2184 Sodann
306 2119 378 2183 sind
400 2119 453 2182 ein
481 2140 560 2202 paar
587 2118 708 2184 Stellen
736 2117 790 2181 des
816 2118 978 2202 jitngcren
1001 2116 1150 2182 Seneca
1173 2139 1211 2181 zu

63 2220 272 2286 betrachteo:
307 2226 375 2286 nat.
399 2243 451 2305 qu.
475 2223 506 2301 3,
533 2220 580 2299 10,
608 2223 621 2283 l
647 2241 718 2283 curn
743 2219 869 2302 videris,
892 2223 1011 2303 quanta
1034 2223 1118 2295 aunt,
1142 2241 1208 2282 rur·

62 2346 117 2387 sus
147 2346 186 2387 ex
214 2329 332 2406 quanto
360 2322 517 2406 prodeant
544 2323 683 2405 adspice.
728 2323 759 2402 6,
778 2322 840 2403 23,
869 2323 889 2385 3
917 2320 950 2385 in
979 2320 1068 2385 libris
1096 2321 1211 2404 quibus

64 2426 229 2507 describit,
254 2446 348 2508 quem
371 2426 409 2488 ad
433 2423 560 2488 modum
582 2422 692 2487 Helice
709 2423 866 2507 Burisque
888 2445 1008 2488 mersae
1030 2428 1116 2501 sunt,
1139 2423 1210 2505 quis

64 2527 139 2590 illas
162 2548 253 2591 casus
275 2528 310 2591 in
332 2549 418 2591 mare
441 2526 491 2590 vel
520 2528 552 2589 in
575 2525 647 2589 illas
669 2546 755 2589 mare
778 2525 934 2588 immersit
958 2525 1004 2608 (7)
1027 2529 1083 2588 ott.
1128 2522 1210 2587 Dass

65 2629 134 2692 dics
170 2627 264 2692 letzte
289 2627 383 2693 Wort
411 2628 514 2691 falech
544 2628 601 2709 ist,
635 2627 714 2711 liegt
740 2626 796 2690 auf
823 2627 878 2690 der
906 2626 1012 2692 Hand.
1059 2626 1087 2705 7,
1117 2625 1210 2702 24,2

65 2729 173 2814 qualia
201 2735 290 2811 sunt,
319 2731 515 2814 ignoramus.
561 2728 610 2792 Da
637 2751 671 2792 es
700 2728 768 2793 sich
797 2751 839 2792 an
867 2728 976 2792 diesen
998 2727 1065 2791 drei
1088 2726 1208 2792 Stellen

66 2854 126 2895 nur
150 2831 260 2895 darum
283 2830 422 2908 handelt,
449 2831 488 2895 ob
510 2837 584 2896 sont
605 2832 681 2894 oder
702 2832 766 2896 sint
788 2853 826 2895 zu
843 2831 929 2894 lesen
946 2830 1003 2911 sei,
1027 2851 1063 2893 so
1079 2829 1210 2893 kitnnen

66 2935 165 2998 selbst
192 2932 242 2996 die
265 2931 535 3014 Handschrit'tcn,
565 2932 616 2996 die
643 2932 711 2996 sich
741 2932 811 2996 hier
839 2933 891 2996 fiir
918 2931 980 2995 den
1010 2930 1109 2995 Indic.
1140 2936 1210 2994 ent-

67 3035 230 3113 scheidcn,
254 3035 362 3099 nichts
385 3035 552 3098 beweisen.

154 3136 200 3199 {m
217 3136 335 3200 Mundo
359 3137 579 3221 ungebildeter
595 3134 771 3199 Menschcn
794 3134 844 3198 bei
866 3134 1027 3198 Petron:
1050 3135 1092 3198 58
1107 3133 1210 3197 dicam

64 3240 137 3321 tibi,
161 3239 215 3321 qui
239 3238 278 3301 de
299 3239 392 3302 nobis
415 3239 514 3303 currit
536 3243 569 3301 ct
591 3237 629 3301 de
652 3237 721 3300 loco
736 3259 801 3300 non
818 3241 971 3312 movetur,
995 3235 1048 3318 qui
1064 3235 1103 3298 de
1118 3235 1212 3298 nobis

62 3341 184 3406 crescit
206 3346 238 3402 et
260 3340 365 3403 minor
386 3339 432 3404 fit.
472 3340 512 3403 76
534 3343 661 3403 tantum
684 3338 768 3421 quod
789 3336 868 3400 mihi
891 3359 957 3401 non
979 3337 1112 3419 dixerat,
1135 3337 1210 3420 quid

58 3442 169 3527 pridie
203 3462 398 3506 cenaveram.
447 3442 534 3505 Aber
567 3440 765 3505 conditional
793 3440 878 3503 nach
904 3441 949 3505 si:
982 3440 1023 3504 33
1051 3442 1211 3502 tentemus

63 3552 196 3622 tamen,
230 3543 257 3606 si
289 3541 392 3606 adhuc
425 3543 556 3607 sorbilia
583 3546 669 3606 sunt.
721 3543 758 3605 7l
789 3541 957 3624 inscriptio
984 3562 1111 3624 quoque
1140 3539 1211 3603 vide

60 3645 239 3729 diligenter
274 3645 299 3707 si
339 3643 416 3708 haec
444 3645 522 3708 satis
551 3644 666 3707 idonea
692 3643 752 3706 tibi
781 3643 913 3707 videtur.
961 3641 1085 3725 (Dutch
1111 3641 1211 3707 Inter·

64 3747 223 3831 punction
246 3746 289 3809 ist
311 3746 479 3830 beseitigt:
503 3746 576 3809 Plin
599 3767 648 3828 ep.
673 3746 702 3825 7,
727 3746 777 3823 20,
801 3746 846 3828 6.)

154 3846 247 3910 Auch
270 3870 326 3910 aus
349 3852 492 3932 spdterer
507 3847 578 3911 Zeit
598 3848 641 3910 ist
661 3867 723 3909 nur
739 3847 845 3930 wenig
860 3846 1075 3910 anzuftthren:
1099 3846 1212 3930 Apul.

66 3954 143 4012 niet.
172 3949 258 4026 1,25
280 3949 354 4012 faxo
377 3950 468 4029 scias,
493 3970 586 4032 quem
609 3948 649 4011 ad
672 3949 800 4011 modurn
823 3948 898 4011 mali
922 3948 1040 4012 debent
1061 3949 1209 4013 coerceri.

67 4054 97 4134 9,
120 4053 164 4115 30
186 4051 294 4132 accipe
317 4050 427 4133 igitur,
451 4072 545 4133 quem
568 4050 606 4113 ad
630 4048 759 4113 modum
783 4053 898 4113 cuncta
920 4050 1065 4133 cognovi.
1111 4050 1210 4113 Gell.

71 4156 100 4234 1,
122 4155 153 4231 3,
172 4153 209 4215 17
234 4152 335 4234 video,
359 4173 421 4235 quo
445 4174 543 4235 usque
565 4172 753 4235 progressus
776 4154 833 4217 cst.
872 4149 945 4215 Und
962 4172 1025 4213 was
1046 4172 1112 4213 nun
1128 4150 1212 4214 noch

69 4255 162 4339 sotgt,
187 4255 230 4316 ist
252 4274 323 4315 zum
339 4252 430 4316 Theil
455 4253 619 4316 unsicher:
642 4251 811 4335 Capitol.
835 4251 908 4316 Ver.
929 4253 949 4315 9
972 4251 1094 4335 dequo
1117 4253 1211 4334 bello,

71 4357 145 4437 quid
169 4376 228 4438 per
249 4355 373 4438 legatos
390 4355 597 4418 barbarorum
616 4392 650 4401 -
669 4354 745 4437 quid
760 4374 817 4436 per
832 4355 927 4418 duces
943 4357 1071 4417 nostros
1086 4358 1212 4437 gestum

71 4463 127 4541 est,
151 4457 188 4520 in
210 4455 312 4521 Marci
335 4459 401 4521 vita
421 4455 607 4541 plenissime
636 4455 834 4539 disputatum
857 4460 915 4521 est.
960 4456 1045 4525 Pert.
1067 4457 1088 4519 5
1110 4455 1213 4538 qualis
