3024 5070
578 366 620 377 —
666 327 812 392 709-

127 477 238 542 sivus
271 475 314 540 im
347 477 548 564 Hauptsatz:
592 478 678 543 Tac.
714 501 790 543 ann.
825 481 861 564 2,
895 481 934 546 'll
969 482 995 545 si
1028 504 1108 566 quos
1130 481 1269 567 spropin-

129 600 211 661 quus
233 580 367 663 sanguis
392 618 430 627 -
454 581 612 658 movebat,
634 581 881 646 illacrimabunt.
924 582 1172 648 Ebendaselbst:
1201 584 1268 646 viu·

128 678 274 744 dicabitis
303 703 373 760 vos,
403 681 431 745 si
459 704 510 746 me
539 720 580 730 -
607 681 776 747 fovebatis.
820 681 897 768 Vgl.
921 682 978 747 Nr.
1003 684 1045 764 B,
1075 707 1102 750 c.
1126 722 1163 732 —
1189 683 1266 749 Cic.

128 780 255 865 11116,
283 784 330 865 14,
352 783 372 847 3
396 784 432 859 si·
445 783 665 848 turbidissima
687 784 848 867 sapienter
876 784 1017 867 ferebas,
1046 786 1269 869 tranquilliora

127 883 209 949 laete
231 885 326 949 feras.
933 968 934 974 ἵ

213 987 244 1068 0)
290 985 451 1071 Imperf.
488 986 532 1048 im
566 985 762 1070 Nebensatz,
799 986 963 1051 Perfect
995 987 1039 1050 im
1076 987 1267 1072 Hauptsatz:

127 1087 257 1152 Plaut.
280 1086 379 1151 Poen,
402 1089 437 1171 3,
462 1089 496 1167 1,
519 1087 561 1152 23
583 1086 638 1150 sed
660 1088 688 1150 si
715 1087 909 1171 properabas
937 1089 1055 1173 magis,
1082 1089 1182 1172 pridie
1206 1112 1268 1169 ¹nos

127 1192 160 1253 te
182 1189 356 1253 advocatos
377 1189 440 1254 huc
462 1188 588 1252 duxisse
610 1188 759 1272 oportuit.

212 1290 246 1374 d)
289 1288 449 1374 Imperi.
472 1292 517 1354 im
540 1289 731 1368 Nebensatz,
755 1291 950 1374 potentialer
972 1290 1078 1375 Gonj.
1106 1291 1266 1377 Imperi.

126 1392 170 1455 im
194 1391 388 1476 Hauptssta:
419 1391 550 1456 Pluut.
574 1391 670 1456 Truc.
692 1392 727 1470 4,
755 1393 787 1471 2,
808 1393 851 1457 35
873 1392 900 1457 si
924 1393 1050 1457 volebas
1072 1394 1268 1478 participari,

127 1494 268 1558 auferres
291 1493 458 1558 dimidium
481 1497 553 1577 („so
575 1494 698 1558 natust
720 1492 762 1558 du
783 1497 969 1578 wegtragen
992 1494 1140 1579 sollen“),
1251 1520 1262 1542 ν

212 1599 242 1676 0)
287 1594 447 1679 Imperf.
476 1595 520 1659 im
546 1594 745 1678 Nebensatz,
781 1594 970 1660 Praesens
999 1596 1045 1660 im
1072 1594 1268 1683 Hauptsatz:

127 1698 210 1762 Ter,
240 1695 369 1761 Phorm.
392 1696 450 1761 361
477 1698 541 1760 iam
570 1696 766 1761 adulescenti
793 1696 841 1760 nil
869 1699 918 1763 est
945 1696 1029 1780 quod
1057 1718 1269 1781 suscenseam,

127 1801 155 1864 si
176 1800 268 1863 illum
291 1798 397 1861 minus
419 1801 523 1861 noret.
569 1797 646 1863 Cic.
669 1799 734 1862 inv.
760 1801 773 1860 1
800 1801 820 1879 ξ
843 1797 885 1862 89
907 1799 935 1861 si
950 1798 989 1861 ad
1005 1798 1095 1862 illum
1110 1797 1269 1864 hareditas

128 1902 287 1983 veniebat,
311 1898 503 1964 verisimile
526 1903 575 1964 est
596 1899 636 1963 ab
658 1898 714 1963 illo
737 1904 897 1963 necatum.

211 2003 239 2085 f)
284 2001 600 2085 Plusquamperf.
625 2001 669 2064 im
692 2000 883 2079 Nebensatz,
908 2002 1063 2086 Imperi.
1087 2003 1132 2065 im
1147 2001 1269 2085 Haupt

127 2109 210 2169 satz:
234 2103 390 2168 Ennius
413 2124 463 2185 ap.
486 2101 608 2168 Cornis.
630 2103 652 2165 2
674 2105 694 2183 ξ
717 2103 758 2166 38
781 2102 809 2166 si
830 2104 1013 2187 improbum
1035 2102 1268 2188 Cresphontem

128 2206 381 2282 existimaveras,
405 2225 462 2268 cur
483 2226 534 2269 me
555 2203 632 2268 huic
654 2205 783 2269 locabas
806 2204 951 2288 nuptiis?
996 2204 1076 2273 Ter.
1099 2205 1184 2270 Eun.
1206 2206 1269 2270 403

127 2308 229 2373 sicubi
257 2328 329 2371 eum
357 2305 488 2369 satietas
517 2307 680 2369 hominnm
713 2309 769 2370 aut
801 2308 912 2390 negoti
943 2306 969 2369 si
1001 2307 1130 2390 quando
1163 2307 1270 2370 odium

128 2414 257 2494 ceperat
280 2447 316 2456 -
340 2411 410 2472 tum
437 2429 488 2472 me
516 2407 681 2471 convivam
711 2407 814 2471 solum
840 2406 1019 2473 adducebat
1046 2408 1116 2472 sibi.
1166 2407 1270 2473 Dafiir

128 2512 184 2576 der
215 2511 288 2575 lnf.
325 2509 469 2573 histor,
507 2509 551 2572 im
584 2507 779 2593 Hauptsatz:
823 2508 905 2574 Hec.
935 2510 993 2574 181
1024 2510 1052 2572 si
1079 2509 1207 2593 quando
1229 2508 1269 2574 ad

128 2636 197 2679 eam
233 2614 412 2679 accesserat
447 2649 484 2658 -
520 2612 632 2696 fugere
661 2633 678 2674 e
705 2615 879 2695 conspectu
907 2611 996 2695 ilico,
1034 2609 1141 2674 videre
1173 2609 1268 2675 nolle.

128 2715 186 2781 Bei
207 2716 353 2780 Lucrea
375 2734 438 2778 nur
459 2714 495 2795 6,
521 2712 602 2777 1191
624 2733 759 2796 quorum
787 2712 815 2806 si
843 2713 914 2797 quis
941 2712 994 2776 vix
1017 2712 1134 2778 vitarat
1155 2712 1270 2778 funera

128 2819 182 2883 leti
208 2856 243 2865 -
269 2816 429 2900 posterius
451 2820 559 2879 tamen
581 2814 667 2879 hunc
688 2816 780 2878 tabes
802 2814 964 2899 letumque
985 2816 1144 2880 manebat,
1174 2814 1269 2880 Sall.

128 2919 197 2985 (111.
224 2919 271 2996 14,
293 2919 324 2981 4.

212 3019 249 3104 g)
292 3018 613 3101 Plusquamperf.
643 3018 687 3080 im
716 3016 915 3096 Nebensatz,
943 3016 1045 3085 Perf.
1074 3017 1119 3080 im
1147 3015 1270 3101 Haupt·

128 3125 227 3185 satz:⁴
255 3119 337 3183 Ter.
368 3117 495 3182 Phorm.
524 3118 587 3181 400
610 3119 637 3180 si
659 3117 776 3181 falsum
798 3117 917 3195 fuerat,
946 3117 1031 3181 filius
1055 3139 1111 3181 cur
1132 3139 1199 3182 non
1222 3140 1270 3183 re-

128 3221 236 3287 fellit?
281 3220 391 3287 Luor.
413 3221 452 3303 5,
479 3219 560 3282 1044
581 3221 607 3283 si
630 3240 695 3282 non
718 3216 773 3281 alii
805 3239 931 3302 quoque
960 3218 1091 3283 vocibus
1114 3219 1163 3283 usi
1186 3221 1271 3309 inter

128 3348 161 3389 se
184 3326 322 3405 fuerant,
345 3321 429 3385 unde
451 3321 550 3384 insita
572 3319 704 3384 notities
726 3323 775 3383 est
796 3319 970 3384 utilitatis?
1006 3319 1085 3385 Cic.
1108 3343 1141 3404 p.
1166 3320 1270 3390 Deiot.

127 3428 158 3509 5,
185 3427 222 3490 13
243 3424 296 3489 vel
318 3422 442 3503 officio,
472 3422 499 3484 si
522 3421 597 3505 quid
621 3419 787 3502 debuerat,
814 3421 862 3485 vel
885 3421 999 3499 errori,
1022 3420 1050 3484 si
1072 3422 1148 3505 quid
1170 3423 1270 3488 nesci-

129 3532 205 3605 erat,
229 3526 430 3590 satisfactum
453 3544 523 3588 esse
545 3523 646 3587 duxit.

215 3627 251 3710 h)
296 3623 611 3709 Plusquamperf.
634 3623 679 3687 im
701 3622 898 3707 Nebensatz,
926 3624 1055 3689 Prusa.
1078 3625 1123 3688 im
1145 3623 1271 3710 Haupt-

131 3733 215 3794 satz:
247 3728 328 3792 biv.
351 3728 402 3806 30,
425 3726 477 3808 30,
499 3726 519 3790 3
542 3727 568 3790 si
591 3725 651 3789 hoc
673 3726 719 3788 ita
740 3726 806 3789 fato
829 3725 938 3789 datum
960 3729 1040 3808 erat,
1064 3728 1163 3789 ut-
1186 3726 1271 3792 ultro

129 3833 170 3897 ad
193 3852 306 3916 pacem
332 3829 504 3914 petendam
527 3829 681 3910 venirem,
704 3827 806 3891 laetor
826 3830 858 3890 te
873 3826 952 3891 mihi
968 3831 1054 3892 sorte
1068 3827 1271 3912 potissimum

131 3937 252 4018 datum,
274 3955 294 3996 a
317 3952 380 4015 quo
402 3934 554 4015 peterem.
598 3930 637 3995 In
660 3928 716 3993 der
737 3929 822 3993 Thut
843 3927 930 3993 steht
950 3928 1065 4013 jedoch
1089 3929 1160 3993 dem
1182 3929 1272 3995 Plus·

129 4057 259 4122 quamp.
284 4034 340 4098 der
362 4032 514 4117 folgende
536 4032 628 4097 lnfin.
652 4029 787 4115 perfecti
810 4031 1004 4116 gegendber.

131 4221 172 4286 D.
218 4217 304 4287 Der¹
321 4218 683 4304 Bedingungssatz
713 4216 828 4282 steht
853 4217 893 4282 in
916 4218 1050 4282 einem
1072 4217 1271 4288 Futurum.

216 4321 323 4388 Ueber
346 4321 395 4386 die
417 4320 654 4386 Klassification
677 4320 779 4384 dieser
801 4318 896 4384 Saue
923 4318 996 4390 siud
1018 4318 1069 4384 die
1091 4319 1271 4386 Ansichtsn

132 4424 276 4510 getheilt,
329 4421 442 4487 Zuerst
477 4422 584 4487 stellte
615 4419 747 4486 Ellendt
778 4420 825 4486 als
856 4419 1029 4487 besondere
1045 4420 1176 4487 .Klasse
1208 4423 1272 4487 die·
