2850 5062
522 328 750 392 ..499-

147 478 218 545 Seii
244 479 301 544 der
331 479 527 546 klassisehen
557 479 627 545 Zeit
661 480 739 545 wird
771 482 858 546 diese
886 482 1112 548 Construction
1146 507 1205 549 we·

55 585 156 666 niger
184 581 395 667 angewsndt:
427 582 504 648 oie.
532 605 564 666 p.
589 583 697 648 Deiot.
725 585 771 666 ll,
794 584 837 648 30
862 585 933 668 quis
963 587 1052 649 tuum
1079 589 1205 670 patrem

55 690 171 768 antes,
205 686 275 767 quis
309 689 409 769 esset,
439 723 480 732 —
507 685 652 749 audivit?
688 684 766 749 fam.
789 687 818 764 8,
845 686 892 768 10,
916 687 936 750 3
964 687 1049 750 nosti
1073 687 1204 752 Mareel-

55 787 144 869 lnm,
174 808 270 871 quam
299 787 409 851 tardus
431 825 472 833 -
495 787 548 851 sit.
593 786 862 871 (Abernieht4,
888 789 984 868 1‚2.)
1030 788 1125 853 Fehlt
1153 791 1204 854 bei

54 890 179 955 Caesar
200 888 266 953 und
288 888 418 954 Sallust.
463 887 559 952 Bell.
581 888 663 953 Afr.
689 889 728 952 16
750 889 814 962 iam
837 910 905 969 me,
928 889 982 973 qui
1006 891 1081 972 sim,
1110 893 1204 975 intel·

53 994 149 1079 liges.
193 992 272 1056 niv.
301 992 352 1073 34,
373 991 424 1073 61,
446 991 467 1053 4
494 989 580 1053 hune
604 990 788 1054 Arisionem
811 1011 936 1073 -que
963 990 1001 1054 de
1030 1013 1125 1057 eausa
1153 1016 1205 1060 ve·

53 1097 175 1169 nisset,
209 1094 435 1176 cognoverunt.
481 1089 640 1156 Unsieher
670 1092 713 1155 ist
740 1094 771 1173 2,
800 1093 853 1173 57,
883 1093 913 1175 3,
941 1114 991 1156 wo
1022 1091 1203 1161 Weissenb.

53 1198 159 1260 durch
174 1194 419 1278 interpunction
435 1193 558 1257 sinderi.
589 1192 745 1278 Hdufiger
761 1194 819 1257 hat
833 1194 939 1259 Livius
955 1193 1006 1259 die
1018 1197 1204 1262 Aitrsetion

53 1298 109 1362 bei
132 1297 274 1361 anderen
290 1295 425 1359 Formen
448 1294 505 1359 der
518 1293 734 1379 Nebensiiize3
757 1295 822 1379 vgl.
842 1294 1020 1360 Weissenb.
1036 1319 1075 1360 zu
1090 1298 1202 1384 obiger

53 1398 165 1464 Stella.
210 1397 294 1465 Vel.
324 1397 424 1460 Max.
455 1397 487 1479 8,
510 1398 541 1479 5,
564 1396 585 1458 6
607 1395 693 1460 hune
720 1418 799 1481 ego,
833 1399 920 1463 cuias
949 1399 993 1462 sit
1013 1436 1055 1447 -
1078 1400 1202 1485 ignom.

53 1501 144 1565 Tac.
168 1522 242 1564 ann.
265 1503 296 1582 4,
318 1499 338 1562 6
360 1519 527 1562 recensere
548 1501 671 1561 ceteras
693 1495 817 1582 quoque
838 1501 919 1583 reip.
941 1504 1064 1583 partes,
1088 1501 1203 1584 quibus

54 1604 162 1668 modis
185 1603 225 1666 sd
248 1622 318 1665 eam
340 1600 424 1664 diem
445 1599 574 1664 habitae
589 1601 665 1663 sint.
702 1599 807 1665 Laet.
824 1603 856 1679 3,
870 1602 902 1683 2,
930 1601 1200 1686 lphilosophiam

55 1705 241 1787 ostendere,
275 1724 371 1787 quam
399 1702 505 1766 inanis
534 1706 567 1765 et
593 1700 676 1765 false
698 1702 750 1766 sit.
796 1703 872 1785 opif.
896 1703 927 1784 4,
950 1703 993 1767 24
1015 1707 1051 1768 ut
1073 1704 1198 1768 divinae

54 1806 276 1891 providentiae
309 1808 515 1888 potestatem,
549 1806 671 1888 quanta
704 1803 818 1886 fuerit,
852 1804 1030 1869 ostendam.
1078 1806 1126 1884 16,
1159 1804 1197 1869 11

56 1910 137 1992 quod
162 1909 290 1972 enimus
312 1928 345 1971 se
367 1908 470 1989 ipsum
492 1927 562 1969 non
582 1904 671 1969 videi
692 1908 748 1968 sni
768 1905 870 1989 qualis
894 1910 949 1970 aut
972 1907 1026 1970 ubi
1049 1907 1103 1972 sit.

457 2128 492 2195 B.
520 2127 807 2195 Attributivsdtne.

307 2295 339 2361 1.
376 2289 614 2382 Eotstehuoq,
641 2289 767 2376 Form,
794 2288 959 2382 Stellonq.

140 2444 162 2522 ξ
190 2440 264 2504 411.
311 2437 376 2502 Des
409 2436 595 2501 lateinisehe
624 2436 929 2520 Relaiivpronomen
963 2439 1006 2501 isi
1037 2459 1094 2502 aus
1129 2438 1201 2502 dem

53 2540 401 2624 Interrogativum
435 2539 639 2604 entstenden.
690 2536 749 2602 Die
782 2537 992 2622 Enisiehung
1024 2538 1102 2603 ldsst
1133 2541 1202 2604 sich

53 2668 98 2710 an
131 2642 307 2728 folgenden
339 2642 416 2705 zwei
445 2639 560 2705 Sdtzen
594 2640 770 2703 erl‘dutern:
803 2642 857 2724 qui
885 2638 982 2704 homo
1010 2639 1073 2706 hoc
1100 2640 1203 2705 fecii?

53 2748 138 2813 Eum
162 2744 326 2809 hominem
348 2764 409 2827 ego
424 2742 510 2807 novi.
549 2740 743 2806 Relativisch
759 2742 1008 2827 umgewandelt:
1033 2742 1087 2828 qui
1107 2743 1203 2807 homo

54 2852 115 2915 hoc
138 2847 232 2926 feeit,
266 2867 337 2909 eum
359 2844 521 2909 hominem
544 2863 603 2928 ego
627 2843 714 2907 novi.
758 2841 855 2908 Diese
882 2844 1091 2928 pedentisehe
1115 2845 1200 2910 Wie-
1235 2896 1238 2901 ,

55 2950 239 3034 derholung
272 2947 327 3010 des
358 2944 694 3029 Beziehungsnomens
728 2944 854 3010 seheint
885 2946 935 3009 die
964 2946 1202 3045 filiesieOB'orm

56 3076 94 3118 zu
127 3050 241 3133 sein.*)
288 3047 425 3113 Freilieh
460 3048 503 3110 ist
535 3047 580 3110 sie
613 3068 674 3110 nur
705 3067 746 3109 an
778 3047 924 3132 wenigen
953 3046 1076 3112 Stellen
1104 3050 1200 3113 naeh-

56 3155 225 3240 gewiesen.
264 3150 307 3216 So
322 3151 356 3214 in
372 3149 429 3214 der
444 3147 531 3212 Lex.
547 3153 667 3231 repet.
685 3146 737 3210 bei
752 3146 930 3212 Mommsen
955 3149 968 3212 1
991 3149 1022 3214 S.
1039 3150 1081 3213 49
1104 3172 1199 3232 quem

57 3280 122 3322 rem
150 3256 307 3340 pr(seior)
336 3274 375 3315 ex
402 3251 432 3316 h.
460 3250 481 3314 1.
512 3251 630 3335 egerit,
659 3249 685 3313 si
715 3271 785 3313 eem
807 3271 874 3314 rem
902 3289 951 3317 -.
985 3249 1110 3316 Plaut.
1134 3253 1201 3320 mil.

57 3359 119 3423 140
140 3378 217 3421 nam
244 3377 346 3419 unum
367 3352 517 3418 conclave
540 3350 736 3433 concubinae
763 3351 847 3434 quod
871 3351 959 3416 dedit
987 3353 1078 3417 miles
1101 3391 1143 3400 -—
1165 3355 1200 3417 in

57 3482 91 3524 eo
124 3458 269 3524 conclavi
302 3477 362 3540 ego
396 3453 553 3538 perfodiri
586 3452 751 3537 parietem.
797 3451 867 3519 Ges.
904 3453 975 3517 154.
1018 3452 1102 3518 Ter.
1138 3454 1199 3520 Ad.

57 3562 117 3626 854
145 3561 218 3645 quoi
246 3558 292 3622 rei
320 3561 384 3639 esi,
418 3557 447 3620 ei
478 3556 525 3619 rei
553 3554 640 3618 hunc
669 3576 831 3618 sumamus
858 3555 951 3618 diem.
997 3553 1093 3621 Osis
1119 3577 1144 3619 r.
1174 3578 1199 3620 r.

58 3664 116 3728 136
139 3685 170 3726 u.
198 3660 267 3725 148.
304 3658 457 3725 cornis.
486 3657 524 3720 ed
548 3654 626 3720 Her.
650 3656 729 3720 l’dssi
756 3657 790 3719 in
813 3655 868 3720 der
889 3655 991 3741 Regel
1019 3656 1053 3720 in
1080 3656 1198 3722 diesem

55 3763 143 3830 Folle
171 3761 234 3826 den
256 3761 450 3825 Relatirsatz
472 3758 599 3844 folgen,
634 3758 694 3822 wie
722 3757 803 3821 auch
826 3757 936 3823 Cicero
969 3758 1034 3822 und
1057 3758 1199 3848 Spiiiere,

54 3868 134 3932 doeh
164 3869 238 3948 sagi
265 3885 299 3927 er
325 3861 408 3927 noch
429 3863 461 3942 4,
484 3862 515 3942 3,
538 3860 559 3925 5
581 3881 636 3936 ne,
666 3881 729 3943 qua
756 3860 791 3923 in
814 3881 848 3923 re
872 3860 995 3925 leudem
1019 3861 1194 3926 modestiae

51 3973 228 4047 venentur,
255 3965 290 4028 in
318 3986 355 4027 es
383 3964 453 4046 ipsa
479 3983 513 4024 re
542 3961 608 4024 sini
636 3961 846 4045 impudentes.
890 3966 910 4044 ξ
935 3963 975 4026 10
1003 3985 1083 4047 quae
1113 3963 1200 4026 enim

51 4093 101 4135 res
130 4067 217 4152 apud
243 4070 370 4131 nostros
393 4085 458 4128 non
480 4067 589 4139 erant,
618 4083 727 4126 earum
757 4083 864 4127 rerum
892 4065 1026 4128 nomina
1053 4086 1119 4128 non
1142 4087 1199 4149 po·

49 4175 161 4237 terent
184 4189 252 4233 esse
274 4168 401 4233 usitata.
447 4168 467 4247 ξ
493 4165 530 4228 18
553 4164 642 4229 euius
664 4162 800 4228 rationis
823 4204 862 4212 —
886 4165 915 4229 ei
937 4166 1065 4231 rationi.
1103 4165 1200 4230 Sonst

120 4380 147 4444 *)
168 4371 331 4429 Vorsrbeit:
351 4369 526 4433 Paetzolt,
545 4367 641 4437 Progr.
660 4367 868 4437 Wsldenburg,
894 4375 966 4425 1815.
1002 4368 1119 4421 Enthslt
1137 4368 1199 4423 eine

48 4458 234 4530 vorzogliehe
253 4456 434 4522 Derstellung
452 4456 502 4506 der
520 4453 707 4507 Relativsdtze
724 4455 763 4507 im
781 4454 925 4510 Aldatein.

937 4541 995 4593 32*
