2956 5054
573 284 781 347 -37-

101 435 215 519 potius
242 440 276 500 et
303 439 465 521 augentur
493 435 689 520 cogitatione
719 439 752 499 et
779 437 933 502 memoria
954 458 1036 501 mea.
1071 438 1128 506 fin.
1155 441 1186 516 1,
1213 439 1252 503 14

101 536 299 622 intelligitur
332 559 393 601 neo
425 538 705 620 intemperantiam
737 541 868 623 propter
896 560 929 603 se
962 560 1030 603 esse
1063 538 1249 624 fugiendam

102 639 413 723 temperantiamque
440 638 660 723 expetendam.
705 639 798 706 Catil.
822 641 859 722 2,
886 641 923 705 13
953 643 989 704 ut
1015 662 1118 724 neque
1146 640 1249 705 bonus
1347 634 1350 641 ’

104 741 274 824 quisquam
302 741 441 805 intereat
469 762 703 825 paucorumque
731 763 833 825 poena
861 763 916 806 vos
943 763 1055 806 omnes
1084 742 1147 806 iam
1170 742 1250 806 salvi

105 863 176 906 esse
196 842 335 926 possitis.
382 843 443 907 div.
469 842 656 925 1,32111111
679 865 780 927 neque
803 847 835 908 te
858 843 963 928 ipsum
984 864 1051 908 non
1074 865 1142 908 esse
1165 865 1249 908 com·

106 946 230 1008 motum
259 943 464 1028 Marcumque
487 943 662 1008 Varronem
692 949 725 1009 et
752 933 796 1009 Μ.
825 944 979 1010 Catonern
1008 983 1050 995 —-
1076 966 1144 1009 esse
1176 968 1247 1029 per-

105 1047 245 1110 territos.
281 1046 311 1122 2,
335 1045 387 1128 43,
408 1046 458 1110 91.
496 1046 581 1131 legg.
608 1048 636 1126 1,
661 1046 784 1125 1141.
822 1045 981 1130 Sulpicius
1003 1068 1055 1131 ap.
1080 1047 1145 1112 cic.
1168 1046 1246 1112 fam.

102 1147 135 1226 4,
159 1149 189 1225 5,
215 1150 243 1211 1.
271 1186 306 1194 -
332 1149 420 1213 Aber
440 1146 530 1213 nicht
553 1146 661 1213 Caes.
686 1149 714 1215 b.
738 1169 765 1212 c.
787 1148 825 1231 3,
849 1149 903 1231 74,
927 1149 946 1213 3
970 1148 1033 1233 (wo
1056 1146 1127 1213 dem
1149 1170 1249 1232 oeque

104 1249 197 1313 nicht
218 1269 292 1332 que,
314 1249 453 1313 sondern
475 1249 531 1313 des
553 1249 668 1313 darauf
688 1247 837 1334 folgende
859 1254 888 1315 et
908 1249 1111 1334 entsprioht).
1155 1250 1248 1316 Elben

102 1372 138 1414 so
161 1349 267 1435 Virgil
289 1350 356 1414 und
378 1350 476 1432 Ovid,
499 1372 524 1414 1.
547 1350 642 1415 Hand
664 1351 701 1434 4,
726 1350 797 1416 138.
1112 1378 1114 1381 ·

188 1453 219 1521 5.
264 1451 310 1517 Et
333 1490 370 1499 -
393 1473 493 1534 nequo
519 1450 602 1517 fehlt
629 1451 711 1516 noch
740 1453 774 1516 in
797 1451 854 1516 der
875 1452 1128 1518 archaistisohen
1150 1454 1246 1519 Litte-

102 1558 209 1639 ratur,
240 1555 283 1618 ist
310 1553 430 1618 beliebt
457 1554 508 1618 bei
531 1553 658 1637 Cicero,
687 1553 774 1618 daun
797 1554 872 1618 aber
893 1554 1008 1618 1111111.
1054 1554 1129 1621 cie.
1154 1555 1248 1622 Catil.

99 1658 139 1739 3,
165 1657 185 1721 8
213 1660 290 1721 tune
312 1660 345 1719 et
372 1656 439 1720 ludi
462 1655 570 1721 decem
598 1677 656 1739 per
678 1655 745 1720 dies
774 1655 854 1720 facti
876 1660 952 1720 sunt
979 1677 1081 1740 neque
1103 1678 1154 1721 res
1185 1657 1250 1721 ulla

98 1797 143 1806 —
173 1757 399 1842 praetermissa
427 1762 483 1822 est.
515 1781 545 1841 p.
570 1756 684 1822 Flacco
711 1756 754 1820 20
781 1758 836 1841 qui
864 1761 896 1822 et
924 1779 991 1821 rem
1020 1758 1168 1841 agnoscit
1194 1781 1248 1824 111·

98 1881 164 1945 que
193 1859 354 1924 bominem
381 1859 521 1944 ignorat.
551 1881 583 1923 11.
606 1859 636 1922 d.
663 1861 693 1936 1,
717 1859 758 1923 38
781 1858 835 1922 sed
858 1863 891 1922 11
918 1859 973 1922 1111
995 1857 1207 1942 reprehensus
1229 1884 1249 1925 a

96 1961 213 2026 multis
249 1964 299 2024 est
331 1982 433 2045 neque
466 1982 522 2024 ros
555 1961 676 2024 exitum
708 1959 863 2043 reperitis.
910 1959 1111 2044 l'ortgesetzt
1147 1961 1247 2026 durch

97 2069 130 2130 et
155 2102 191 2110 -
216 2068 263 2128 et:
291 2061 384 2126 Tuso.
407 2063 445 2144 5,
468 2062 509 2126 38
537 2061 598 2127 Gn.
622 2061 768 2125 Aufidius
795 2065 828 2125 11
850 2061 883 2124 in
912 2065 1024 2125 senatu
1053 2064 1247 2127 sententiam

97 2164 232 2229 dicebat
253 2185 313 2228 uec
336 2163 446 2228 amicis
468 2201 510 2213 —
533 2162 642 2227 deerat
664 2166 697 2227 et
719 2162 875 2227 Graecam
898 2163 1058 2228 scribebat
1079 2162 1244 2229 historiam

98 2272 136 2331 et
159 2265 287 2330 videbat
315 2266 349 2329 in
370 2265 497 2330 litteris.
527 2303 566 2312 -
598 2264 690 2329 Mehr
711 2265 800 2350 giebt
823 2263 935 2348 Hand,
959 2263 1042 2330 auch
1065 2287 1122 2329 aus
1150 2266 1245 2331 nach-

96 2367 295 2433 klassischcr
318 2365 402 2445 Zeit,
431 2367 466 2446 2,
489 2367 614 2450 53413.
660 2365 723 2431 Mit
748 2371 850 2432 tomen
877 2366 985 2431 11111111
1005 2389 1077 2432 acc:
1099 2366 1165 2432 (lic.
1188 2368 1244 2432 fin.

96 2471 139 2553 4,
166 2470 219 2552 18,
241 2471 280 2534 51
310 2468 375 2531 und
403 2468 436 2531 in
459 2467 520 2531 den
544 2467 683 2532 Briel'en.
728 2466 789 2531 hlit
810 2490 898 2534 vero:
927 2467 965 2532 de
988 2489 1033 2533 or.
1057 2469 1094 2550 2,
1117 2469 1171 2547 23,
1194 2470 1244 2534 98.

100 2570 208 2635 Dafilr
229 2569 317 2634 steht

190 2672 220 2736 6.
264 2678 292 2736 et
317 2708 347 2720 -
378 2676 503 2754 1111111,
531 2692 624 2735 1111111
647 2671 703 2735 das
726 2671 837 2735 zweite
859 2670 952 2736 Glied
976 2672 1055 2736 oder
1076 2672 1127 2736 ein
1151 2672 1246 2737 Wori

102 2775 197 2839 datin
219 2771 482 2858 hervorgehoben
497 2772 593 2839 wird:
617 2772 693 2838 Cic.
710 2772 787 2837 fam.
806 2773 855 2854 13,
870 2773 926 2853 22,
944 2777 958 2835 l
982 2795 1058 2837 nam
1074 2777 1107 2839 et
1121 2795 1246 2859 semper

100 2899 154 2941 1111
184 2875 283 2940 coluit
316 2874 625 2959 diligentissimeque
658 2875 840 2939 observavit
866 2878 899 2939 et
927 2897 946 2938 a
978 2876 1092 2940 studiis
1126 2877 1245 2941 nostris

101 3001 170 3044 non
191 2975 349 3041 abhorret.
394 2978 462 3039 Att.
485 2975 523 3053 2,
544 2978 581 3059 4,
603 2976 623 3039 6
650 2975 682 3039 id
706 2980 738 3040 et
758 2976 851 3040 nobis
874 2978 935 3041 erit
959 2978 1190 3060 periucundum
1213 2984 1246 3043 11

102 3081 162 3145 tibi
184 3101 250 3143 non
273 3099 350 3143 sane
373 3077 508 3141 derium.
555 3076 753 3162 Umgekehrt
774 3078 826 3142 bei
848 3078 975 3145 Varro
998 3102 1024 3143 r.
1048 3101 1072 3144 1.
1096 3081 1126 3159 3,
1153 3083 1201 3159 14,
1228 3086 1242 3145 l

101 3182 191 3247 locus
214 3181 240 3244 is
262 3178 382 3258 melior,
407 3200 500 3263 quem
515 3184 548 3243 et
571 3201 636 3243 non
659 3179 766 3264 coquit
780 3179 827 3244 sol
850 3183 882 3244 et
902 3181 1012 3264 tangit
1033 3202 1093 3250 ros.
1121 3166 1244 3248 Pallad.

100 3285 132 3366 6,
150 3284 179 3366 7,
194 3282 225 3346 2.
256 3281 358 3346 Dabei
380 3281 468 3345 kann
491 3281 547 3344 der
563 3282 744 3367 Gegensatz
767 3281 821 3347 des
844 3282 979 3347 zweiten
994 3282 1123 3348 Gliedes
1144 3285 1244 3349 durch

100 3385 156 3450 ein
183 3382 429 3468 hinzugefflgtcs
456 3387 562 3448 tomen
584 3384 742 3448 verstdrlrt
763 3383 904 3448 werden:
932 3383 1009 3448 Liv.
1032 3385 1089 3467 21,
1111 3385 1147 3468 3,
1170 3387 1190 3449 3
1212 3390 1245 3451 11

101 3508 236 3571 aequum
259 3485 420 3570 postulare
444 3485 567 3549 videtur
581 3484 763 3549 Hasdrubal
785 3489 818 3549 et
833 3505 893 3568 ego
916 3488 1024 3549 tamen
1041 3507 1106 3550 nou
1129 3507 1244 3552 censeo

101 3589 185 3674 quod
206 3589 290 3673 petit
312 3585 525 3650 tribuendum.
556 3585 587 3651 S.
611 3585 752 3652 daselbst
775 3586 954 3655 Weissenb.

187 3695 217 3773 ξ,
240 3690 312 3754 321.
358 3686 444 3753 Statt
465 3710 563 3771 neque
583 3688 668 3774 folgt
690 3689 741 3754 ein
765 3689 964 3773 steigerndes
985 3710 1024 3754 ne
1045 3727 1087 3739 -
1110 3693 1242 3773 quiden,

99 3794 208 3857 zuerst
223 3792 273 3855 bei
289 3790 355 3857 cic.
375 3790 546 3872 Ρ1111.3,2,
563 3790 583 3855 3
606 3812 666 3855 nec
688 3791 926 3874 postulantibus
941 3813 1000 3857 uec
1016 3791 1243 3876 cogitantibus,

99 3915 144 3958 ne
165 3892 350 3978 optantibus
372 3892 508 3976 quidem.
548 3892 615 3956 hir.
639 3893 694 3971 27,
724 3893 774 3971 13,
797 3893 826 3957 9.
864 3891 938 3962 Sen.
961 3897 1065 3977 tranq.
1092 3896 1145 3978 15,
1169 3897 1189 3960 3
1212 3901 1245 3962 11

99 3994 185 4060 nihil
213 4015 380 4079 magnum,
408 3993 490 4059 nihil
518 4016 676 4075 severum,
707 4017 747 4058 ne
774 3995 892 4059 serium
920 3995 1048 4078 quidem
1073 4033 1109 4044 -
1140 4000 1242 4080 putat.

102 4096 215 4161 Oefter
238 4096 288 4159 bei
303 4095 483 4160 Tacitus:
507 4095 581 4160 (1.1
604 4118 707 4180 neque
722 4096 974 4163 animadvertere
995 4118 1097 4178 neque
1112 4099 1242 4178 vincire,

102 4221 144 4264 ne
167 4199 333 4263 verberare
351 4197 487 4281 quidem.
516 4198 559 4262 44
580 4220 683 4284 neque
705 4197 845 4262 nobilem
866 4220 970 4282 neque
992 4199 1178 4282 ingenuum,
1203 4223 1243 4265 ne

102 4300 288 4365 libertinum
323 4300 459 4383 quidem.
503 4301 544 4364 37
577 4321 641 4364 non
673 4299 755 4384 (drei
777 4299 859 4385 Mal)
891 4321 932 4364 ne
961 4300 1072 4364 Parthi
1104 4301 1241 4384 quidem.

104 4402 135 4466 b.
158 4403 189 4485 2,
213 4401 255 4466 82
279 4423 380 4486 neque
400 4401 568 4466 Mucianus
592 4441 631 4450 —
653 4422 694 4465 ne
709 4400 926 4485 Vespasianus
948 4401 1084 4485 quidem.
1117 4425 1193 4467 ann.
1213 4407 1241 4488 1,
