2864 5056
519 396 667 459 -595
712 435 750 444 -

61 587 96 595 —
119 548 246 628 domiti,
269 549 416 612 nationes
437 548 524 612 ferae
547 553 579 612 et
601 548 712 631 populi
734 548 883 633 ingentes
904 548 936 611 vi
959 548 1099 630 subacti,
1129 548 1204 614 Oar-

60 650 157 736 thago
182 688 220 698 -
249 649 388 726 interiit,
418 654 532 713 cuncta
559 649 660 713 maria
687 653 852 734 terraeque
873 649 1049 733 patebant,
1084 651 1205 714 saevire

58 752 190 816 fortuna
217 790 253 799 -
278 751 391 834 coepit.
437 750 518 814 Liv.
542 751 572 834 9,
594 751 625 831 3,
648 751 678 814 7.
719 750 772 831 22,
795 752 825 832 5,
847 751 878 814 6.
914 751 965 827 39,
993 751 1044 832 30,
1067 752 1096 816 8.
1143 752 1205 815 Da·

57 852 219 917 zwischen
250 854 303 917 ein
332 852 452 917 lofin.
482 851 573 916 hist.
602 852 653 916 bei
681 851 756 917 Tac.
785 873 859 916 ann.
888 854 937 932 11,
966 853 1006 915 37
1039 854 1121 936 quod
1151 854 1205 917 ubi

56 954 204 1018 auditum
232 959 265 1018 et
288 954 503 1038 ‚languescere
531 956 593 1036 ira,
624 954 729 1017 redire
758 973 847 1016 amor
874 974 911 1016 ac
933 990 974 1000 -
996 954 1204 1038 timebantur,

56 1055 244 1140 prorumpit
266 1055 443 1119 Narcissus.

145 1157 172 1240 i)
210 1156 274 1223 Ubi
300 1157 359 1220 mit
391 1156 461 1221 dem
494 1156 700 1240 logischen
724 1155 1101 1240 Plusquamperfect
1124 1158 1204 1242 (egl.
1318 1220 1319 1225 ,

56 1262 78 1340 5
101 1258 179 1339 502,
205 1260 232 1337 1,
255 1258 283 1339 f)
308 1258 495 1323 bezeichnet
516 1257 639 1322 sowobl
667 1259 738 1322 eine
761 1257 933 1343 einmalige
961 1257 1007 1321 als
1029 1258 1112 1323 auch
1135 1262 1205 1324 eine

57 1358 268 1424 wiederholte
305 1358 489 1444 Handlung.
546 1357 585 1423 In
623 1361 678 1422 der
714 1359 800 1423 alten
838 1357 908 1422 Zeit
944 1358 1028 1423 noch
1065 1365 1207 1425 dusserst

57 1461 181 1525 sellan:
218 1460 271 1525 Pl.
305 1462 395 1526 Asin.
423 1461 487 1525 209
517 1461 571 1524 ubi
605 1461 686 1544 quid
717 1460 880 1542 dederam,
917 1462 1008 1543 quasi
1041 1461 1205 1526 columbae

59 1563 141 1646 pulli
165 1600 207 1609 —
229 1563 334 1629 eratis.
373 1562 557 1645 Aquilius
574 1560 683 1625 Boeot.
707 1560 746 1624 fr.
769 1561 866 1625 2151
888 1563 1027 1644 primum
1051 1583 1205 1629 accensus

58 1664 217 1727 clamarat
249 1663 424 1727 meridiem.
480 1661 573 1726 Mehr
605 1663 684 1727 wird
716 1662 808 1727 nicht
842 1663 943 1747 citirt3
980 1686 1037 1728 aus
1071 1664 1206 1730 Cicero

58 1787 122 1828 nur
144 1764 240 1828 zwei
263 1765 400 1829 Stellen:
435 1762 527 1828 Verr.
549 1767 579 1842 5,
606 1767 655 1844 11,
679 1765 718 1829 27
741 1766 796 1828 ubi
818 1764 980 1849 paulisper
1001 1767 1035 1830 in
1059 1766 1206 1831 cubiculo

59 1905 103 1912 —
125 1866 197 1930 iura
218 1867 448 1949 descripserat,
476 1864 594 1930 Veneri
617 1866 737 1929 iamet
760 1865 873 1929 Libero
900 1867 1058 1950 reliquum
1080 1871 1207 1952 tempus

59 1967 171 2032 deberi
193 1967 420 2031 arbitrabatur.
456 1990 486 2051 p.
505 1965 632 2031 Cluent.
647 1968 698 2049 34,
714 1967 755 2031 93
771 1967 825 2030 ubi
847 1968 1040 2051 complerat,
1063 2007 1104 2017 -
1127 1975 1205 2034 erat.

60 2069 170 2134 Caes.
202 2067 231 2132 5.
262 2091 288 2132 c.
311 2069 384 2151 2,9
412 2069 465 2132 ubi
494 2066 665 2133 elevarant.
709 2069 739 2150 2,
767 2067 818 2149 29,
849 2069 879 2131 2.
928 2067 1079 2153 Haufiger
1107 2071 1207 2142 sehon

59 2171 125 2235 seit
158 2169 330 2234 Sallust:
358 2168 438 2253 cat.
471 2170 491 2233 6
524 2169 577 2234 ubi
612 2170 779 2254 („wenn“)
816 2170 957 2253 pericula
988 2173 1207 2256 propulerant,

60 2272 160 2337 sociis
187 2277 283 2355 atque
311 2271 421 2336 amieis
450 2271 570 2336 auxilia
598 2271 780 2355 portabant.
826 2272 866 2336 In
895 2272 1077 2338 demselben
1107 2272 1207 2339 Sinna

60 2372 147 2437 auch
162 2372 193 2454 9,
217 2373 247 2440 3.
287 2372 335 2449 13,
358 2374 388 2436 4.
429 2372 478 2449 16,
500 2372 532 2436 2.
570 2373 622 2456 24,
643 2374 674 2437 3.
711 2373 785 2457 Jug.
801 2373 852 2455 50,
867 2374 898 2437 5.
928 2374 980 2456 60,
995 2374 1024 2438 3.
1059 2373 1207 2440 Ueberall
1263 2454 1271 2461 .

60 2473 144 2538 wind
166 2474 217 2538 bei
239 2473 307 2537 ihm
330 2473 380 2537 die
397 2473 602 2538 Wiederholte
618 2472 797 2558 Handlung
811 2473 1007 2539 bezeichnet.
1045 2475 1208 2563 Letzteres

61 2575 146 2639 auch
170 2575 202 2638 in
226 2576 304 2639 zwei
327 2574 447 2640 Stellen
471 2575 526 2639 des
548 2574 695 2638 Livius:
732 2576 762 2656 2,
785 2576 824 2638 21
848 2575 934 2658 quod
964 2576 1017 2640 ubi
1040 2578 1090 2641 cui
1114 2579 1208 2642 militi
1295 2654 1298 2660 ⁴

61 2676 231 2761 inciderat,
253 2675 411 2761 collegam
433 2675 626 2760 appellabat.
671 2677 701 2758 2,
724 2677 765 2740 48
790 2676 842 2740 ubi
865 2678 1019 2742 abductas
1042 2685 1209 2744 senserant

60 2779 217 2864 legiones,
240 2799 336 2864 agros
353 2776 570 2842 incursabant.
609 2778 763 2862 Dagegen
782 2779 834 2842 ein
853 2780 1042 2864 einmaliges
1058 2779 1208 2845 Factumt

60 2881 115 2963 23,
145 2880 185 2944 21
215 2902 309 2964 quam
337 2880 391 2943 ubi
419 2879 652 2964 negligentiam
675 2880 815 2945 -oriri
843 2884 987 2945 senserat
1015 2880 1208 2964 Hasdrubal,

61 2982 251 3046 cohortatus
282 2986 339 3046 ctt.
376 2984 427 3061 25,
450 2981 492 3046 36
514 2981 570 3044 ubi
595 3019 632 3028 —
657 2980 797 3045 clitellae
819 2981 996 3047 defuerant.
1039 2984 1090 3066 44,
1114 2984 1210 3067 25,9

62 3083 119 3147 ubi
143 3083 185 3146 ad
206 3083 360 3168 pecuniae
382 3083 578 3148 mentionem
600 3086 731 3147 ventum
754 3086 832 3167 erat,
855 3083 901 3147 ibi
923 3083 1113 3148 haesitabat·

152 3183 281 3269 Virgil
311 3184 370 3248 hat
403 3185 459 3249 das
487 3183 741 3267 Plusquamperf.
775 3186 856 3249 nach
891 3185 947 3249 ubi
975 3206 1036 3248 nur
1065 3208 1121 3249 zur
1151 3185 1209 3250 Be·

63 3287 249 3371 zeichnung
277 3288 366 3351 einer
387 3285 633 3370 einmaligen
655 3285 858 3370 Thatigkeit:
891 3286 931 3350 G.
952 3288 983 3365 4,
1005 3288 1069 3351 552
1091 3289 1146 3352 ubi
1170 3327 1208 3335 —

63 3393 192 3452 Aurora
213 3388 381 3452 induxerat
408 3391 505 3452 ortus.
552 3390 631 3457 Aen.
655 3387 684 3471 8,
707 3388 768 3452 407
791 3389 846 3452 ubi
868 3426 910 3435 —
932 3388 1098 3471 expulerat
1125 3410 1210 3453 som·

64 3513 152 3555 num.
203 3489 358 3576 Dagegen
389 3490 439 3554 bei
471 3489 598 3554 Horae
632 3512 692 3554 nur
723 3491 770 3553 als
804 3489 1064 3554 wiederholte
1099 3489 1209 3554 Hand-

63 3592 165 3676 lung:
200 3614 247 3677 ep.
275 3595 323 3676 11,
349 3593 388 3656 19
410 3591 464 3656 ubi
493 3595 524 3656 te
551 3591 770 3674 laudaveram,
804 3632 840 3640 -
870 3592 1005 3656 ferebar.
1043 3596 1102 3661 sat.
1125 3593 1155 3675 2,
1181 3595 1208 3674 1,

64 3696 105 3759 ’11
136 3694 192 3758 ubi
220 3716 253 3757 se
282 3697 453 3761 remorant.
499 3692 556 3756 Bei
585 3692 750 3757 Tacitus
780 3694 895 3757 wieder
922 3694 956 3756 in
979 3694 1129 3758 beiderlei
1153 3694 1210 3758 Be·

64 3797 224 3880 deutung.
267 3795 451 3879 Einmalige
483 3793 673 3879 Handlung:
710 3795 743 3858 h.
769 3798 796 3877 1,
819 3797 860 3860 66
882 3796 937 3859 ubi
965 3817 1080 3880 agmen
1109 3796 1211 3861 inces-

65 3901 163 3963 serat.
209 3898 240 3980 3,
272 3900 314 3962 20
339 3899 392 3962 ubi
423 3896 587 3961 silentium
620 3896 751 3961 fecerat.
797 3921 871 3963 aun.
907 3898 955 3980 13,
983 3898 1035 3961 40.
1085 3901 1129 3976 15,
1163 3900 1210 3963 10.

67 3999 291 4066 Wiederholte
320 4000 514 4084 Handlung:
547 4000 626 4084 Agr.
649 4000 691 4062 20
719 4000 773 4064 ubi
802 4001 880 4064 satis
908 4003 1076 4064 terruerat.
1120 4000 1149 4063 h.
1183 4003 1210 4080 1,

65 4105 109 4168 49
136 4105 193 4169 ubi
221 4141 262 4150 -
291 4103 495 4189 elanguerat,
532 4102 625 4185 inops
655 4102 788 4166 redibat.
838 4103 869 4185 3,
896 4102 938 4166 33
973 4103 1027 4165 ubi
1060 4101 1212 4187 praedam

68 4210 264 4292 egesserant,
287 4244 328 4253 —
350 4205 582 4272 iaculabantur.
626 4225 700 4267 ann.
722 4205 753 4286 4,
778 4204 830 4268 23.
877 4204 998 4288 15,10.
1172 4188 1176 4197 ’
1287 4202 1289 4207 ‘

152 4307 227 4374 Von
243 4308 284 4372 da
299 4309 339 4373 ab
355 4309 471 4372 nimmt
485 4307 541 4371 der
556 4304 725 4371 Gebrauch
741 4306 859 4371 wieder
873 4306 923 4370 ab.
954 4305 1062 4370 Schon
1084 4306 1135 4370 bei
1151 4308 1210 4372 den

69 4413 206 4476 meisten
222 4413 367 4474 Antoren
385 4410 439 4473 des
460 4409 621 4474 silbernen
639 4408 767 4473 Lateins
789 4407 890 4472 findet
905 4407 973 4472 sich
995 4408 1089 4472 keine
1103 4407 1212 4488 Stelle,

69 4513 152 4578 auch
182 4512 273 4576 nicht
300 4513 351 4575 bei
379 4512 439 4576 den
464 4512 639 4594 Scriptores
662 4509 746 4573 Hist.
772 4513 857 4594 Aug.
883 4513 946 4575 und
974 4511 1117 4574 bantana.
1156 4510 1213 4573 leh

52 4633 55 4644 .
960 4612 1011 4668 38*
