2850 5062
722 262 737 295 ι

500 332 730 397 -535-

29 488 135 552 iuben
164 487 224 550 tibi
246 486 355 550 oculos
385 484 533 563 ecfodiri,
566 485 696 568 quibus,
728 485 812 568 quod
840 488 1042 568 nusquamst,
1073 484 1181 548 vides?

29 590 122 653 Ter.
140 587 240 661 Andr.
256 587 319 651 646
335 586 397 651 heu
412 607 462 649 me
478 587 639 668 miserum,
662 588 715 670 qui
738 591 826 650 tuom
849 589 990 650 animum
1014 608 1052 649 ex
1075 587 1182 650 animo

32 690 180 775 spectavi
203 711 283 753 meo.
321 689 402 752 Eun.
431 688 510 752 1004
531 688 611 751 mihi
634 688 719 752 solae
741 688 874 752 ridiculo
897 687 968 772 fuit,
993 710 1083 771 quae,
1107 688 1182 771 quid

32 794 178 873 timeret,
200 790 329 855 scibam.
376 788 451 854 Und
473 789 555 854 noch
578 810 683 874 gagen
706 788 891 859 cassellen
919 811 977 853 aus
1000 789 1070 853 dem
1094 790 1181 854 alten

35 893 151 958 latein
180 892 268 956 citirt
298 892 441 956 Paetaolt
468 890 500 955 S.
535 893 582 969 15,
616 892 701 955 ohne
730 890 846 974 jedoob
884 890 962 954 alles
993 890 1182 975 erscbbpfen
1226 948 1228 953 .

35 1016 75 1058 au
98 993 226 1059 wollen,

123 1095 211 1159 Aber
233 1095 314 1158 auch
338 1095 394 1158 der
416 1094 662 1179 (lonjunctiv
684 1095 783 1158 istiu
806 1094 913 1157 diesen
936 1093 1055 1158 Sttzen
1079 1094 1182 1158 sehon

36 1196 191 1262 reichlich
214 1200 389 1260 vertreten:
413 1195 465 1260 Pl.
483 1196 600 1279 Amph.
627 1196 686 1260 153
709 1197 763 1279 qui
786 1217 836 1259 me
859 1196 940 1259 alter
961 1199 1012 1259 est
1033 1195 1181 1260 audacior

36 1298 132 1364 homo
165 1337 199 1346 -
231 1299 285 1381 qui
318 1297 377 1362 hoc
410 1299 515 1361 noctis
549 1297 636 1362 solus
669 1296 852 1361 ambulem?
889 1296 963 1360 Und
997 1296 1079 1360 noch
1110 1297 1184 1361 funt

36 1400 160 1464 hialin
184 1399 366 1463 demselben
389 1397 516 1463 Slilcke.
554 1399 620 1466 mil.
643 1400 679 1462 31
708 1421 748 1462 ne
777 1397 882 1462 hercle
905 1420 1020 1512 operae
1042 1400 1180 1482 pretium

38 1501 197 1585 quidemst
184 1499 309 1564 tmihi
336 1506 368 1564 te
391 1522 539 1583 narrare,
553 1505 645 1564 .tuas
671 1501 724 1583 qui
759 1500 807 1562 vir
809 1504 893 1563 tutes
916 1501 1025 1564 sciam
1071 1498 1182 1581 (Nocb

35 1603 170 1686 omn.)
213 1602 296 1669 Ter
320 1602 420 1666 Andr.
444 1602 506 1666 749
528 1624 620 1685 quem
650 1602 712 1685 igit
715 1623 750 1665 ur
772 1623 900 1685 rogem,
931 1604 984 1684 qui
1007 1602 1059 1665 hic
1082 1603 1180 1665 nemi·

37 1727 110 1769 nem
137 1704 236 1767 alium
260 1702 407 1767 videam?
443 1703 492 1766 Im
515 1704 646 1767 Gauzen
674 1704 781 1767 finden
809 1703 877 1767 sich
906 1702 989 1766 uach
1021 1674 1182 1767 Paetzolts

37 1805 185 1888 Zahlung
208 1805 249 1869 98
272 1804 468 1875 0101100.-
491 1804 549 1868 Bei
572 1804 646 1870 Cat
632 1810 671 1868 to
700 1805 760 1869 soll
791 1805 972 1891 iiberbaupt
959 1804 1077 1869 thein
1108 1826 1181 1870 cau-

38 1907 119 1972 salcr
142 1905 339 1970 Relativsatz
363 1906 581 1970 vorkommen.

121 2007 196 2070 Wie
223 2006 439 2091 gleichgiiltig
467 2007 518 2071 die
541 2007 770 2072 Schriftsteller
799 2008 867 2071 hier
895 2029 999 2092 gagen
1030 2008 1090 2088 den
1115 2007 1182 2072 Μο-

36 2107 257 2195 dusgebrauch
287 2108 378 2188 sind,
410 2110 494 2192 zeigt
521 2109 571 2172 die
602 2110 759 2194 beliebige
789 2110 1002 2194 Anwenelung
1034 2109 1068 2172 in
1097 2108 1183 2173 dem-

36 2213 148 2278 selben
172 2209 383 2294 Satzgeflige:
407 2209 645 2276 Ρ1.Μο1ι.596
668 2213 812 2295 corrupit
834 2249 863 2259 —
884 2212 1051 2294 inspexim.
1091 2209 1182 2275 llben

34 2337 70 2379 so
106 2335 179 2377 vom
211 2310 283 2375 Ind.
317 2333 389 2374 aum
424 2311 755 2397 Oonj.‘hbergehend
788 2312 871 2376 Ter.
905 2312 994 2391 Eun,
1023 2312 1086 2376 302
1117 2314 1182 2376 und

36 2418 130 2480 1044.
173 2411 363 2477 Ausserdern
386 2413 575 2477 erscbeinen
598 2413 648 2477 die
664 2413 750 2478 Modi
774 2413 966 2478 willkilrliob
988 2414 1181 2497 gewechselt

36 2520 88 2582 bei
104 2513 349 2602 gleicbartigenr
366 2513 523 2578 Satzbau:
546 2514 601 2578 Pl.
617 2514 704 2579 Pers.
723 2517 764 2580 75
779 2516 833 2579 sed
854 2537 965 2579 sumne
981 2537 1040 2599 ego
1054 2517 1180 2599 stultus,

32 2621 90 2704 qui
113 2639 181 2682 rem
206 2637 282 2680 curo
304 2616 488 2698 publicam?
512 2616 601 2680 'Prin
621 2619 699 2683 1057
724 2620 772 2681 set
794 2640 854 2702 ego
876 2639 947 2681 sum
968 2618 1183 2704 insipientior,

34 2723 89 2806 qui
113 2720 210 2784 rebus
232 2738 338 2781 curem
361 2717 508 2800 publicis.
554 2718 641 2784 Men.
665 2720 727 2784 309
748 2717 870 2784 insanit
892 2721 943 2784 hic
966 2719 1104 2803 quidem,
1126 2720 1182 2805 qui

32 2826 103 2907 ipse
127 2820 215 2885 male
243 2818 321 2883 dicit
346 2818 416 2881 sibi.
467 2819 537 2884 Und
567 2821 673 2905 gleich
701 2821 816 2885 darauf
843 2844 869 2883 v.
899 2821 962 2884 313
990 2826 1025 2885 tu
1052 2823 1179 2905 quidem

33 2923 142 2989 hercle
158 2927 244 2987 certe
260 2942 326 2984 non
341 2920 445 2983 sanu's
461 2922 539 2985 satis
555 2923 664 3005 —qui
680 2944 766 2986 nunc
789 2925 875 3006 ipsus
898 2922 979 2986 male
1002 2922 1088 2986 dicas
1111 2924 1179 2992 tibi.

121 3023 190 3089 Scit
223 3023 278 3086 der
306 3021 504 3086 klassischen
533 3023 603 3088 Zeit
635 3025 811 3108 oberwiegt
843 3025 900 3088 der
928 3022 1181 3107 Oonjunctiv.

34 3127 100 3192 Ein
124 3147 201 3210 paar
225 3122 343 3207 Belfige
371 3125 442 3188 sind
465 3123 689 3189 binreichend:
728 3125 878 3190 Cernis.
900 3126 930 3202 3,
956 3126 994 3189 15
1016 3147 1082 3188 non
1110 3148 1181 3190 sum

34 3229 173 3308 nescius,
196 3232 351 3309 qnantum
373 3226 567 3309 susceperim
589 3227 728 3309 negotii,
757 3229 811 3310 qui
834 3264 874 3272 —
897 3232 1032 3289 conatus
1055 3226 1125 3289 sim.
1148 3231 1181 3308 4,

34 3334 55 3397 3
79 3329 216 3394 videno
240 3327 341 3389 facias
365 3326 576 3411 impudenter,
598 3328 652 3411 qui
679 3366 715 3375 -
740 3328 827 3392 velis,
866 3329 952 3391 Aber
974 3326 1024 3391 die
1047 3327 1182 3412 librigen

35 3430 220 3509 58101100,
249 3427 369 3492 welche
392 3427 539 3492 Paetzolt
564 3428 595 3493 S.
622 3431 660 3492 15
687 3429 772 3493 noch
799 3451 855 3493 aus
885 3427 1006 3492 Cornif.
1035 3427 1179 3513 anfhhrt,

37 3533 127 3598 aiebe
156 3529 208 3594 ich
238 3529 330 3593 nicht
356 3529 499 3614 hierber3
532 3528 688 3594 hiernach
714 3530 824 3594 finden
852 3529 920 3594 sich
949 3529 999 3594 bei
1027 3530 1094 3593 ihm
1120 3552 1182 3594 nur

37 3635 125 3699 zuei.
170 3629 249 3696 010.
272 3629 367 3695 Rosc.
392 3633 464 3695 Am.
487 3632 507 3696 8
530 3632 583 3715 qui
607 3632 641 3694 in
669 3653 725 3695 sua
747 3654 780 3696 re
807 3632 921 3696 fuisset
943 3632 1181 3716 egentissimus,

37 3742 122 3817 erat,
146 3738 182 3798 ut
203 3731 255 3810 111,
287 3731 428 3797 insolens
457 3733 491 3796 in
515 3732 627 3801 aliena.
673 3732 766 3798 Tusc.
789 3734 821 3816 3,
849 3733 886 3796 12
908 3731 1082 3816 Tarquinio
1105 3756 1179 3799 vero

38 3838 114 3922 quid
143 3834 360 3919 impudentius
368 3885 376 3916 ‚
410 3835 465 3917 qui
493 3835 612 3898 bellum
639 3839 765 3919 gereret
793 3856 865 3898 cum
891 3835 947 3916 lis,
982 3835 1034 3918 qui
1065 3840 1121 3900 011.
1144 3860 1176 3921 p.

37 3939 106 4004 Mil.
130 3939 159 4018 8,
183 3937 234 4000 20.
278 3959 309 4020 p.
333 3936 430 4001 Arch.
456 3937 505 4019 10,
526 3937 576 4000 24.
620 3936 674 4000 fin.
698 3937 728 4020 5,
752 3937 802 4014 20,
825 3938 877 4001 55.
915 3938 1176 4019 Δ11.10,10,1

37 4064 87 4107 me
117 4059 262 4115 caecum,
291 4037 345 4121 qui
373 4037 453 4102 haec
480 4043 554 4102 ante
582 4059 647 4103 non
678 4039 820 4102 viderim.
864 4035 968 4102 Caes.
992 4039 1022 4106 b.
1052 4060 1084 4123 g.
1107 4040 1181 4116 5,4

36 4149 70 4209 01
90 4142 145 4228 qni
169 4141 234 4205 iam
256 4143 331 4203 ante
353 4140 485 4204 inimico
507 4141 541 4203 in
563 4161 623 4204 nos
646 4142 753 4203 animo
775 4139 899 4216 fuisset,
922 4140 1022 4204 multo
1045 4141 1176 4224 gravius

37 4243 229 4309 -exarsit
273 4241 315 4306 33
337 4243 372 4304 at
394 4240 504 4324 Cotta,
533 4241 587 4326 qui
610 4241 681 4326 cogi
684 4245 783 4305 ttusse
811 4244 868 4304 ctt.
845 4239 1009 4305 1110.11
1035 4241 1116 4305 Afr
1139 4242 1182 4305 24

40 4349 88 4416 77.
114 4347 164 4412 81.
211 4345 277 4406 Aus
301 4341 420 4407 Sallust
447 4291 530 4407 habe
557 4342 609 4408 ioh
638 4342 744 4408 nichts
771 4364 814 4406 no
817 4347 882 4406 1r
917 4341 1051 4410 n-,hiv
1076 4344 1105 4426 7,
1128 4342 1181 4424 24,

38 4451 68 4516 8.
114 4448 166 4532 25,
189 4446 220 4525 6,
243 4444 273 4509 7.
317 4444 424 4511 Curt.
447 4446 477 4525 6,
503 4448 532 4530 l,
556 4444 595 4510 19
618 4447 740 4528 qui—-
769 4449 887 4509 nosset
933 4446 1000 4507 Ans
1022 4443 1181 4509 'tacitns
